1458 2476
164 207 178 230 1
187 195 208 230 6
700 196 800 233 XIV

692 596 795 634 XIV

242 780 465 818 LURIMA
496 785 593 825 sunt,
626 777 802 823 Fuscine,
834 784 871 815 et
900 778 1001 814 fama
1029 776 1146 826 digna
1173 776 1322 815 sinistra

251 851 288 881 et
317 843 447 881 nitidis
475 843 667 880 maculam
695 842 897 879 haesuram
925 841 1081 891 figentia
1107 842 1231 889 rebus,

158 919 258 954 quae
286 914 502 946 monstrant
530 906 602 956 ipsi
630 906 756 955 pueris
785 907 1018 955 traduntque
1046 914 1232 956 parentes.

158 970 188 1008 si
218 972 407 1010 damnosa
435 985 567 1010 senem
596 970 700 1008 iuvat
728 971 823 1017 alea,
853 970 951 1008 ludit
980 978 1017 1009 et
1045 972 1155 1009 heres

157 1035 324 1074 bullatus
352 1049 550 1085 parvoque
579 1036 716 1073 eadem
744 1042 875 1072 movet
903 1048 1009 1072 arma
1036 1035 1175 1080 fritillo,
1317 1046 1336 1084 5

158 1113 231 1138 nec
258 1100 395 1139 melius
424 1101 473 1138 de
503 1113 543 1138 se
572 1099 753 1148 cuiquam
783 1112 933 1148 sperare
962 1099 1181 1148 propinquo

157 1164 347 1202 concedet
375 1163 532 1211 iuvenis,
564 1163 630 1212 qui
658 1163 791 1200 radere
819 1163 953 1200 tubera
981 1170 1113 1209 terrae,

156 1228 330 1266 boletum
359 1228 517 1266 condire
545 1235 582 1265 et
611 1228 750 1265 eodem
779 1226 859 1264 iure
888 1227 1052 1264 natantis

157 1306 330 1342 mergere
358 1294 501 1331 ficellas
532 1292 666 1330 didicit
694 1292 889 1330 nebulone
916 1299 1075 1340 parente

156 1365 194 1396 et
222 1371 319 1395 cana
347 1364 585 1395 monstrante
612 1357 710 1406 gula.
768 1369 857 1393 cum
886 1355 1071 1405 septimus
1099 1369 1222 1394 annus
1294 1370 1338 1393 10

155 1421 343 1460 transierit
371 1435 544 1470 puerum,
576 1422 751 1458 nondum
781 1420 887 1458 omni
916 1421 1032 1458 dente
1060 1428 1204 1467 renato,

154 1485 334 1522 barbatos
362 1485 451 1523 licet
479 1485 687 1522 admoveas
716 1483 820 1521 mille
848 1483 940 1521 inde
967 1483 1177 1533 magistros,

154 1549 245 1587 hinc
273 1549 447 1596 totidem,
478 1549 607 1598 cupiet
634 1550 740 1586 lauto
770 1562 907 1587 cenare
935 1556 1070 1597 paratu

154 1627 305 1663 semper
333 1622 370 1652 et
398 1628 421 1652 a
448 1627 588 1663 magna
616 1627 695 1651 non
724 1615 956 1662 degenerare
985 1613 1122 1652 culina.

154 1678 288 1716 mitem
317 1678 490 1716 animum
510 1685 547 1716 et
566 1691 692 1716 mores
712 1677 875 1715 modicis
896 1677 1083 1716 erroribus
1103 1692 1248 1727 aequos
1291 1691 1333 1728 15

152 1742 337 1791 praecipit
366 1750 484 1791 atque
513 1742 660 1780 animas
689 1755 884 1780 servorum
913 1749 951 1780 et
979 1755 1140 1791 corpora
1168 1751 1297 1781 nostra

151 1807 311 1845 materia
339 1814 514 1845 constare
542 1814 652 1856 putat
679 1807 913 1856 paribusque
942 1807 1151 1854 elementis,

151 1885 201 1909 an
230 1872 375 1911 saevire
404 1873 521 1910 docet
550 1871 716 1919 Rutilus,
749 1870 815 1920 qui
842 1872 984 1920 gaudet
1012 1871 1152 1909 acerbo

150 1938 351 1985 plagarum
380 1936 540 1985 strepitu
569 1943 607 1974 et
636 1937 781 1973 nullam
810 1935 943 1973 Sirena
971 1935 1127 1984 flagellis

150 2007 358 2050 comparat,
390 2000 621 2050 Antiphates
651 2000 790 2049 trepidi
809 1999 896 2038 laris
916 2013 962 2038 ac
981 2001 1254 2050 Polyphemus,
1286 2015 1334 2038 20

212 2117 228 2137 2
255 2108 403 2139 hesuram
425 2109 477 2139 P:
502 2119 539 2139 ac
555 2119 667 2149 rugam
691 2121 713 2139 ω
731 2121 737 2139 :
762 2112 792 2140 et
808 2119 920 2148 rugam
938 2111 967 2139 S·
991 2109 1030 2150 cf.
1047 2109 1133 2149 vulg.
1152 2109 1241 2150 Eplz.
1260 2117 1277 2148 5
1295 2118 1333 2150 27

148 2172 214 2192 non
245 2162 422 2192 habentem
448 2162 611 2192 maculam
639 2166 694 2191 aut
721 2172 833 2202 rugam
855 2163 858 2202 Ι
878 2171 897 2201 9
929 2161 1049 2191 ficellas
1078 2162 1211 2192 Lachm.
1235 2162 1333 2192 Lucr.

138 2221 176 2256 p.
196 2225 275 2256 204:
304 2215 457 2247 ficedulas
485 2226 558 2246 mss.
587 2220 616 2246 et
637 2216 703 2246 edd.
724 2217 729 2253 Ι
753 2225 789 2255 13
813 2215 944 2256 cupient
972 2213 1025 2256 Pl
1049 2216 1086 2247 18
1108 2216 1210 2247 rutilis
1234 2216 1268 2246 P
