1458 2476
523 174 631 212 xm
685 171 824 210 46—51
1214 175 1261 221 6⁷

85 261 200 293 etiam
221 269 332 300 quam
352 259 550 291 hominum
571 259 754 299 intellegi
775 263 916 300 potest,
931 258 1267 300 cumsing-ulz'quoque

84 314 123 335 ex
132 303 299 343 semetipnlr
310 303 434 332 totidem
446 302 658 341 deosfaciant,
673 303 811 333 Iunones
818 301 985 342 geniosque
1001 301 1180 342 adoptando
1194 302 1262 332 sibi.

85 346 213 377 Petron.
236 355 270 384 ¹7
288 350 397 375 nostra
413 345 496 385 πρὸ
506 350 573 375 tam
583 345 802 384 praesentibus
823 344 939 384 plena
960 348 1004 374 est
1025 344 1258 382 numinibus,

77 388 123 420 vut
139 387 298 419 facilius
314 387 439 428 possis
461 387 573 418 deum
596 397 707 427 quam
731 387 927 418 hominem
951 386 1138 417 invenire.
1184 387 1262 418 Sen-

82 431 124 462 de
149 431 375 472 superstitione
402 430 436 460 fr.
463 439 503 470 39
533 440 684 460 omnem
712 430 824 460 istam
855 429 1070 469 ignobilem
1101 429 1262 461 deorum

82 473 246 504 turbam.
263 483 373 513 quam
390 472 507 512 longo
522 482 618 502 aevo
641 472 760 512 longa
783 471 1021 520 superstitio
1047 472 1259 512 congessit,

81 516 125 546 sic
135 515 348 552 adorabimus
365 519 402 545 ut
410 525 606 546 memmenm
611 525 647 544 us
658 516 779 545 cultum
791 515 857 544 cim
870 514 972 554 magt's
986 514 1032 544 ad
1040 525 1154 544 morem
1164 525 1261 555 quam

81 558 128 588 ad
147 568 211 588 rem
230 558 396 598 pertmere.
442 559 527 598 Aug.
553 557 614 588 civ.
642 557 704 588 Dei
723 565 758 587 lv
783 559 801 588 8
825 567 1027 597 quaeramus,
1048 557 1077 586 si
1092 557 1207 596 placet,
1223 568 1262 588 ex

82 606 192 632 tanta
207 600 364 631 deorum
381 601 503 637 turba,
522 610 619 640 quam
637 600 780 630 Romam·
789 600 935 636 colebant,
954 610 1045 639 quem
1056 600 1259 639 potissimum

80 643 133 673 vel
145 653 220 684 quos
235 644 303 673 deos
317 643 448 672 credant
462 643 548 672 illud
559 643 728 682 imperium
744 642 892 672 dilatasse
912 647 1007 681 alque
1026 652 1172 672 servasse.
1219 643 1260 673 In

81 685 146 716 this
161 696 223 716 one
238 685 289 716 ch.
306 685 348 715 he
364 695 473 716 names
489 685 656 722 Cloacina,
678 685 829 726 Volupia,
851 685 1045 721 Lubentina,
1067 684 1254 722 Vaticanus,

81 728 221 766 Cunina,
242 728 375 764 Rusina,
404 728 579 768 Iugafinus,
605 728 780 764 Collatina,
806 727 967 763 Vallonia,
998 727 1137 767 Segetia,
1168 728 1258 758 Tuti—

81 771 157 808 lina,
179 770 381 811 Proserpina,
399 770 562 806 Nodutus‚
582 770 747 808 Volutina,
770 770 932 804 Patelana‚
952 770 1126 807 Hostiiinn,
1150 770 1256 808 Flora,

82 813 272 850 Lactumus,
292 813 428 850 Matuta,
451 813 596 843 Runeina
613 813 703 851 (here
720 814 804 853 Aug.
822 812 965 843 remarks
985 823 1039 842 nec
1052 814 1162 842 omm'a
1176 824 1257 844 com-

82 866 226 891 memoro,
241 856 318 896 quia
341 865 390 885 me
403 856 489 896 piget
514 856 598 896 quod
619 856 688 886 illos
714 866 778 886 non
800 856 922 896 pudet).
972 855 1050 885 Men
1077 855 1169 896 place
1196 866 1258 887 one

81 904 191 938 portet
206 904 237 929 at
254 898 308 929 the
323 904 407 938 gate‚
423 903 453 928 et
465 899 541 939 quia
564 899 654 928 homo
668 903 719 934 est,
739 899 870 928 omnino
884 897 1015 937 sufficit:
1039 902 1101 928 tres
1123 898 1190 928 deos
1205 899 1261 929 isti

74 945 263 981 posuerunt,
292 941 465 971 Forculum
494 941 631 980 juribus,
674 941 829 972 Cardeam
863 941 1000 976 cardini,
1034 941 1256 971 Limentinum

79 983 197 1014 limini.
241 983 288 1014 ila
312 993 378 1013 non
402 987 528 1023 poterat
557 984 714 1013 forculus
742 984 842 1013 simul
862 988 891 1013 et
913 983 1074 1013 cardinem
1101 984 1258 1024 limenque

78 1035 210 1057 servare.
260 1025 356 1056 Prud.
386 1035 412 1056 c.
441 1026 564 1065 Symm.
594 1033 622 1056 11
647 1026 791 1064 343—67
824 1036 884 1065 eg.
914 1026 968 1055 sed
993 1026 1071 1066 quia
1100 1026 1257 1056 Romanis

77 1068 243 1108 loquimur
255 1068 292 1098 de
304 1068 449 1105 cultibus,
467 1068 571 1108 ipsum
591 1067 596 1108 Ι
615 1068 788 1108 sanguinis
809 1068 952 1098 Hectorei
968 1069 1124 1107 populum
1144 1069 1250 1108 probo,

77 1115 212 1151 tempore
224 1109 339 1151 longvl
360 1121 434 1141 non
458 1111 599 1141 multos
623 1111 797 1141 coluisse
818 1111 911 1141 deos
931 1111 1105 1151 rarisque
1130 1112 1254 1142 sacel-

78 1153 127 1184 lis
146 1152 150 1192 Ι
171 1159 394 1184 contentum
412 1163 557 1193 paucas
574 1154 753 1194 posuisse
769 1154 807 1184 in
823 1153 996 1184 collibus
1012 1163 1110 1184 aras.
1147 1154 1254 1185 There

77 1206 152 1236 may
169 1196 211 1226 be
234 1206 254 1226 a
279 1197 428 1227 sarcastic
458 1195 596 1226 allusion
622 1195 660 1226 ⁴to
687 1196 742 1226 the
764 1196 950 1226 consecratio
967 1197 1168 1236 principum,
1197 1197 1254 1228 but

77 1238 194 1278 chiefly
209 1244 242 1269 to
260 1238 396 1276 (Lucian
414 1239 591 1269 Icaromen.
614 1243 667 1278 27)
687 1240 756 1269 τοὺς
771 1240 928 1276 μετοίκους
943 1240 1068 1269 τούτους
1089 1240 1140 1269 καὶ
1159 1241 1252 1277 ἀμφι-

75 1279 188 1320 βόλους
229 1282 325 1316 θεούς,
357 1282 411 1312 the
442 1281 658 1321 Korybantes‚
695 1282 793 1316 Attis,
826 1281 988 1318 Sabazios,
1032 1282 1104 1317 Isis,
1137 1281 1249 1320 Osiris,

76 1324 214 1361 Anubis,
233 1324 363 1364 Serapis
385 1330 444 1355 etc.
494 1324 537 1354 id.
556 1323 652 1364 Iupp.
670 1330 748 1364 trag.
769 1334 796 1363 7.
819 1333 854 1362 13
872 1324 992 1362 (where
1018 1324 1156 1355 Hermes
1180 1335 1252 1365 pro-

76 1376 170 1406 poses
186 1372 219 1397 to
234 1366 331 1397 make
353 1366 587 1407 proclamation
612 1367 654 1406 by
669 1367 756 1406 signs
779 1374 812 1397 to
836 1367 890 1397 the
911 1367 1002 1407 gods
1023 1377 1058 1397 as
1080 1367 1122 1397 he
1148 1367 1174 1398 is
1195 1374 1252 1398 not

75 1409 207 1449 linguist
223 1409 350 1450 enough
368 1416 401 1440 to
419 1410 513 1440 make
535 1409 667 1439 himself
687 1409 883 1440 understood
910 1409 952 1450 by
969 1409 1163 1450 ‘Skythians
1187 1410 1251 1440 and

75 1451 223 1482 Persians
238 1452 303 1482 and
319 1452 501 1482 Thrakians
517 1451 579 1481 and
598 1450 730 1489 Kelts⁷).

134 1497 175 1524 48
196 1502 367 1524 ATLANTA
389 1501 528 1534 V11132.
573 1495 655 1524 Aen.
674 1501 712 1524 1v
730 1503 789 1533 247
807 1494 980 1525 Atlantis
995 1494 1082 1532 duri,
1101 1494 1250 1526 caelum

74 1536 140 1577 qui
155 1538 304 1567 vertice
320 1537 446 1567 fulcit.
494 1537 574 1567 Hes.
592 1536 636 1567 th.
660 1546 731 1575 5¹7·
781 1537 903 1577 Hygin.
922 1537 986 1567 sab.
1008 1546 1077 1575 150.

135 1582 175 1610 49
198 1586 386 1610 PROFUNDI
413 1579 467 1610 the
496 1589 551 1610 sea
576 1579 676 1610 schol.
705 1579 827 1617 (whose
851 1580 932 1610 view
956 1579 982 1610 is
1007 1579 1185 1610 confirmed
1208 1580 1251 1620 by

72 1621 191 1662 alt'quis
207 1621 248 1652 cs.
266 1629 290 1652 x
311 1631 365 1659 171
390 1632 422 1652 n.
439 1622 504 1652 and
530 1625 624 1659 aut);
652 1622 760 1652 others
782 1622 857 1659 (less
881 1622 1048 1662 probably,
1069 1622 1178 1653 unless
1203 1623 1249 1653 in-

73 1663 154 1694 deed
177 1664 256 1694 with
276 1664 458 1704 Hertzberg
479 1674 526 1694 we
551 1665 631 1695 omit
653 1669 720 1700 aut,
737 1664 778 1694 cl.
797 1664 879 1695 Hor.
897 1674 926 1695 c.
942 1672 984 1695 111
1001 1677 1020 1703 4
1036 1665 1077 1703 46
1093 1675 1251 1705 regnaque

72 1707 218 1744 tristia)
239 1707 314 1737 ‘the
329 1706 562 1747 abyss'=hell.

135 1751 175 1779 50
196 1756 271 1780 AUT
300 1749 355 1780 the
385 1750 539 1790 negation
563 1749 589 1779 is
615 1749 738 1779 carried
764 1759 805 1780 on
833 1749 871 1780 cf.
890 1749 986 1790 Verg.
1015 1759 1048 1790 g.
1077 1757 1116 1780 1v
1142 1759 1244 1791 9-—11

72 1800 192 1832 neque..
200 1801 330 1832 ...neque
338 1796 418 1823 .aut.
465 1792 533 1824 So
525 1802 558 1822 1n
576 1802 664 1822 verse
681 1802 733 1831 51.

137 1841 265 1864 SICULA
280 1842 358 1865 CUM
376 1841 541 1865 CONIUGE
560 1834 751 1874 Proserpina
768 1834 805 1871 (Χ
825 1835 908 1872 112),
925 1834 1000 1865 who
1017 1834 1139 1876 having
1162 1835 1246 1866 been

71 1875 194 1906 carried
211 1876 257 1906 off
269 1877 312 1916 by
328 1877 424 1907 Pluto
439 1876 521 1907 from
538 1877 592 1907 the
609 1876 701 1907 fields
717 1876 754 1907 of
767 1877 887 1907 Henna
905 1877 1032 1914 (Claud.
1054 1884 1136 1918 rapt.
1155 1878 1244 1909 Pros.

71 1917 134 1948 Ov.
152 1918 229 1948 f.1v
244 1929 302 1958 421
328 1920 407 1961 seq.)
425 1921 452 1950 is
473 1919 592 1950 named
615 1920 771 1950 Hennaea
789 1919 859 1960 (Sil.
876 1927 926 1950 xv
953 1921 1028 1958 245)
1044 1930 1081 1950 or
1103 1921 1245 1950 Aetnaea

72 1960 126 1999 (id,
143 1967 214 1990 xlu
231 1961 317 2001 43¹)-

132 2005 171 2033 51
195 2010 289 2034 ROTA
306 2004 436 2035 Ixionis.
486 2004 563 2036 Sen.
580 2014 631 2045 ep.
650 2005 722 2044 24§
742 2005 778 2035 18
794 2015 859 2034 non
873 2015 946 2034 sum
966 2009 1034 2035 tam
1055 2005 1189 2045 ineptus,
1209 2010 1247 2035 ut

70 2045 146 2085 Epi
146 2055 262 2076 ·uream
278 2047 471 2077 cantilenam
487 2047 542 2077 hoc
555 2047 618 2077 loco
627 2052 803 2088 persequar
813 2051 844 2077 et
864 2047 968 2077 dicam
990 2057 1090 2077 vanos
1111 2058 1170 2078 esse
1193 2059 1242 2078 m-

58 2092 209 2127 serarum
225 2093 325 2118 metus
340 2099 409 2120 nec
426 2089 599 2120 Ixionem
622 2095 705 2120 rota
727 2089 833 2120 volvi
853 2099 922 2120 nec
946 2100 1076 2121 saxum
1100 2091 1244 2121 umeris

69 2130 228 2170 Sisyphi
244 2131 375 2161 trudi*
368 2141 405 2162 in
421 2132 623 2163 adversum
640 2142 708 2163 nec
723 2131 842 2162 ullius
865 2132 1015 2163 viscera
1033 2139 1071 2163 et
1091 2134 1242 2164 renasci

69 2183 178 2213 posse
193 2173 340 2205 cotidie
354 2180 392 2205 et
406 2175 520 2216 carpi.
548 2185 637 2206 nemo
646 2179 810 2216 tampuer
820 2179 873 2211 est,
889 2180 926 2205 ut
943 2175 1108 2206 Cerberum
1124 2176 1241 2206 tzmeat.

1032 2238 1130 2275 5-2
