1458 2476
216 206 234 229 2
754 193 835 228 XII

212 289 298 313 nam
334 283 482 325 praeter
514 275 637 325 pelagi
669 289 777 313 casus
810 284 847 314 et
878 276 1047 313 fulminis
1078 277 1173 313 ictus

211 338 339 377 evasit.
397 340 540 376 densae
573 340 721 376 caelum
753 339 990 377 abscondere
1023 340 1202 376 tenebrae

211 402 314 439 nube
346 415 423 439 una
456 402 683 450 subitusque
717 410 917 440 antemnas
952 402 1091 450 inpulit
1123 401 1232 450 ignis,

211 479 298 502 cum
329 479 368 503 se
398 466 558 514 quisque
588 467 652 504 illo
682 480 903 515 percussum
932 468 1104 505 crederet
1132 475 1168 505 et
1198 480 1288 505 mox
1337 482 1382 504 20

210 529 396 568 attonitus
424 532 570 567 nullum
601 531 761 569 conferri
790 544 903 579 posse
932 538 1082 579 putaret

210 594 449 643 naufragium
478 594 571 632 velis
600 594 834 631 ardentibus.
893 594 1023 632 onmia
1051 595 1147 631 fiunt

209 656 308 701 talia,
339 665 418 694 tam
445 657 618 706 graviter,
650 657 681 694 si
710 658 868 705 quando
898 657 1050 705 poetica
1079 657 1196 705 surgit

209 728 428 769 tempestas.
485 735 606 770 genus
636 735 725 759 ecce
754 721 857 758 aliud
888 721 1117 758 discriminis
1144 720 1234 758 audi

209 791 246 821 et
275 784 451 822 miserere
481 784 628 830 iterum,
661 798 897 832 quamquam
927 784 1001 821 sint
1031 791 1157 821 cetera
1185 784 1295 821 sortis
1335 796 1378 832 25

208 847 384 886 eiusdem
413 862 498 897 pars
529 848 611 886 dira
639 849 810 896 quidem,
842 849 911 886 sed
941 848 1094 897 cognita
1123 849 1251 885 multis

209 919 246 950 et
274 925 390 960 quam
417 913 546 949 votiva
574 920 761 950 testantur
788 914 876 950 fana
905 913 1045 950 tabella

207 976 386 1024 plurima:
419 977 586 1025 pictores
615 977 699 1025 quis
728 977 851 1014 nescit
880 977 928 1014 ab
958 977 1062 1014 Iside
1092 977 1226 1026 pasci?

209 1039 366 1091 [accidit
395 1048 432 1078 et
462 1049 594 1078 nostro
623 1041 755 1078 similis
784 1042 936 1078 fortuna
966 1040 1146 1092 Catulla]

207 1117 296 1142 cum
324 1106 461 1154 plenus
489 1106 607 1143 fluctu
637 1105 785 1143 medius
815 1106 910 1142 foret
939 1107 1067 1142 alveus
1098 1113 1134 1142 et
1164 1105 1238 1142 iam
1333 1119 1380 1153 30

205 1171 394 1207 alternum
422 1170 561 1219 puppis
589 1171 688 1207 latus
718 1170 974 1207 evertentibus
1002 1170 1116 1207 undis

206 1234 230 1271 †
248 1233 373 1271 arbori
401 1234 568 1272 incertae
596 1235 740 1270 nullam
768 1234 972 1281 prudentia
1001 1234 1087 1270 cani

206 1298 360 1335 rectoris
389 1299 576 1335 conferret
605 1311 731 1346 opem,
762 1297 942 1335 decidere
970 1297 1071 1335 iactu

206 1361 334 1410 coepit
363 1375 450 1398 cum
479 1361 612 1407 ventis,
643 1361 813 1398 imitatus
842 1369 1000 1408 castora,
1034 1362 1099 1411 qui
1129 1375 1169 1400 se

206 1427 425 1464 eunuchum
454 1426 535 1474 ipse
564 1426 665 1471 facit,
697 1427 856 1474 cupiens
886 1427 1048 1464 evadere
1077 1428 1222 1464 damno
1331 1441 1375 1476 35

207 1490 395 1529 testiculi:
433 1493 532 1529 adeo
561 1491 796 1529 medicatum
826 1491 1012 1540 intellegit
1040 1491 1192 1541 inguen.

207 1555 381 1593 ‘fundite
409 1568 508 1605 quae
537 1569 623 1593 mea
651 1557 753 1594 sunt'
784 1556 936 1593 dicebat
968 1557 1151 1600 ‘cuncta‚'
1182 1557 1366 1600 Catullus,

205 1618 454 1668 praecipitare
481 1620 615 1657 volens
644 1619 758 1657 etiarn
787 1619 1052 1668 pulcherrima,
1082 1627 1230 1656 vestem

206 1694 445 1730 purpuream,
477 1682 616 1720 teneris
646 1695 800 1731 quoque
831 1682 1123 1720 Maecenatibus
1151 1690 1292 1731 aptam,

204 1752 320 1793 atque
348 1745 452 1791 alias,
483 1758 644 1794 quarum
674 1745 849 1794 generosi
876 1745 1057 1794 graminis
1085 1745 1210 1793 ipsum
1330 1761 1377 1792 40

204 1807 335 1845 infecit
362 1815 496 1845 natura
523 1821 652 1857 pecus,
683 1809 752 1846 sed
781 1816 817 1846 et
847 1808 1018 1857 egregius
1047 1809 1133 1846 fons

203 1870 345 1909 viribus
374 1871 534 1909 occultis
563 1880 600 1910 et
631 1871 810 1909 Baeticus
839 1872 992 1909 adiuvat
1021 1885 1095 1909 aer.

204 1935 267 1973 ille
294 1948 368 1973 nec
395 1944 595 1985 argentum
624 1936 826 1974 dubitabat
855 1936 1016 1982 mittere,
1047 1937 1175 1973 lances

269 2047 307 2076 ²3
332 2036 357 2068 si
381 2037 449 2067 Pw:
474 2047 570 2078 quam
594 2037 843 2077 Scl1m·l:sz⁷e1'scl⁷z,
869 2037 1014 2077 Madwgr,
1034 2037 1144 2077 Jahn.
1195 2048 1231 2078 3²
1256 2038 1378 2068 arboris

203 2092 322 2122 incerte
347 2092 399 2122 P:
422 2091 545 2122 arboris
569 2092 690 2123 incerto
717 2095 765 2122 S‘:
804 2092 910 2122 arbori
934 2091 1073 2122 incertae
1093 2091 1226 2121 Laclzm.
1251 2092 1376 2122 Lucret.

196 2148 233 2183 p.
252 2144 311 2182 387
333 2141 337 2184 Ι
357 2153 395 2183 33
412 2153 484 2174 cum
501 2143 593 2174 ferret
616 2156 639 2174 ω
660 2143 663 2184 Ι
686 2143 724 2184 36
739 2144 877 2175 testiculi
899 2147 948 2175 5‘:
972 2144 1098 2175 testicul
1114 2144 1378 2175 Ptestieulorum

205 2209 228 2227 ω
247 2196 251 2237 Ι
272 2205 310 2237 37
334 2197 460 2228 catullis
477 2196 529 2238 Pl
552 2199 590 2238 38
614 2198 725 2229 volens
747 2208 806 2228 om.
832 2196 885 2239 Pl
904 2207 943 2237 43
967 2198 1091 2228 dubitat
1110 2199 1142 2228 P
