1458 2476
632 167 708 204 XV
1209 179 1254 216 31

81 253 146 304 qui
174 252 300 291 vicina
327 253 460 291 colunt
489 251 694 290 umbrosae
721 253 892 301 Tentyra
918 252 1080 301 palmae.

80 316 220 355 labitur
246 315 337 352 hinc
365 314 524 364 quidam
553 313 671 350 nimia
699 313 904 352 formidine
932 325 1088 351 cursum

80 378 336 428 praecipitans
361 377 595 427 capiturque.
653 384 711 415 ast
737 377 846 414 illum
866 376 902 414 in
926 376 1090 426 plurima
1110 382 1258 415 sectum

81 445 200 481 frusta
227 451 264 481 et
293 442 509 492 particulas,
541 449 583 479 ut
612 441 742 479 multis
771 448 944 479 mortuus
974 453 1074 479 unus

81 507 281 554 sufficeret,
312 514 437 544 totum
465 505 629 543 corrosis
658 505 808 543 ossibus
836 505 917 544 edit
1210 506 1259 541 8ο

81 571 213 609 victrix
242 571 364 617 turba,
395 583 468 608 nec
495 569 645 608 ardenti
674 569 828 608 decoxit
856 581 957 607 aeno

81 642 146 673 aut
176 634 328 673 veribus
342 648 352 680 3
386 635 545 682 longum
574 645 697 682 usque
725 633 826 671 adeo
854 632 1085 682 tardumque
1113 631 1261 681 putavit

82 706 282 748 expectare
312 699 429 745 focos
462 704 646 735 contenta
674 697 861 735 cadavere
889 697 1021 735 crudo.

81 764 145 802 hic
171 765 339 814 gaudere
368 763 470 811 libet,
501 764 608 812 quod
636 776 715 801 non
742 761 942 801 violaverit
970 761 1110 811 ignem,

82 841 199 878 quem
228 841 380 866 summa
408 827 504 865 caeli
532 834 684 876 raptum
714 827 764 864 de
792 834 899 875 parte
929 826 1182 864 Prometheus
1212 825 1258 874 85

84 892 241 932 donavit
269 892 376 931 terris
386 906 396 939 ;
435 890 646 942 [elemento
675 892 844 941 gratulor
873 898 910 928 et
938 898 976 929 te

84 957 253 995 exultare
280 953 392 1006 reor}
452 955 520 993 sed
549 954 614 1003 qui
643 955 820 993 mordere
848 955 1012 993 cadaver

84 1020 271 1066 sustinuit,
301 1019 355 1056 nil
383 1032 568 1068 umquam
598 1020 670 1056 hac
699 1032 812 1057 carne
841 1019 1020 1058 libentius
1048 1018 1146 1065 edit3

85 1096 173 1120 nam
202 1083 344 1120 scelere
373 1081 412 1118 in
442 1089 550 1119 tanto
580 1095 628 1120 ne
657 1095 818 1131 quaeras
848 1090 885 1121 et
914 1082 1078 1128 dubites,
1108 1094 1157 1119 an

84 1146 205 1196 prima
231 1146 470 1194 voluptatem
497 1147 586 1194 gula
615 1146 792 1184 senserit:
832 1145 991 1184 ultimus
1019 1153 1149 1184 autem
1214 1158 1262 1193 90

83 1208 149 1258 qui
177 1208 291 1255 stetit,
322 1208 529 1257 absumpto
557 1208 635 1246 iam
664 1216 748 1247 toto
776 1222 948 1258 corpore,
978 1208 1105 1247 ductis

82 1285 151 1322 per
177 1280 316 1310 terram
345 1271 471 1322 digitis
499 1272 645 1321 aliquid
674 1273 724 1310 de
752 1272 938 1323 sanguine
965 1279 1102 1322 gustat.

84 1338 298 1383 Vascones,
330 1336 427 1373 haec
455 1337 559 1374 fama
586 1343 653 1383 est,
683 1336 876 1375 alimentis
905 1336 1045 1375 talibus
1073 1336 1167 1374 olim

83 1401 300 1450 produxere
328 1399 499 1438 animas:
539 1401 607 1438 sed
636 1414 695 1439 res
725 1401 886 1449 diversa,
918 1402 988 1439 sed
1015 1400 1093 1438 illic

85 1466 259 1503 fortunae
287 1464 431 1502 invidia
458 1472 515 1502 est
544 1465 814 1514 bellorumque
843 1465 989 1512 ultima,
1019 1478 1132 1504 casus
1215 1479 1260 1515 95

84 1528 256 1575 extremi,
286 1529 425 1578 longae
454 1529 537 1567 dira
565 1529 779 1568 obsidionis
809 1537 968 1579 egestas.

86 1592 213 1645 [huius
243 1593 358 1639 enirn,
389 1594 497 1642 quod
524 1607 629 1631 nunc
656 1594 790 1643 agitur,
821 1594 1038 1632 miserabile
1068 1595 1185 1632 debet

85 1658 307 1706 exemplum
337 1670 420 1695 esse
449 1657 535 1704 cibi,
567 1657 666 1696 sicut
694 1659 815 1696 modo
844 1658 949 1696 dicta
976 1658 1070 1695 mihi
1098 1656 1210 1710 gens]

85 1729 172 1770 post
200 1733 335 1758 omnes
363 1720 512 1768 herbas,
543 1728 631 1770 post
660 1729 801 1759 cuncta
828 1721 1020 1768 animalia,
1049 1720 1239 1770 quidquid

85 1786 249 1834 cogebat
275 1784 388 1822 vacui
418 1784 560 1823 ventris
589 1786 703 1831 furor,
733 1785 907 1823 hostibus
935 1785 1026 1835 ipsis
1191 1798 1263 1823 100

85 1849 270 1898 pallorem
298 1861 343 1885 ac
371 1848 536 1886 maciem
565 1856 603 1886 et
632 1856 768 1886 tenues
797 1848 1066 1887 miserantibus
1095 1857 1209 1895 artus,

86 1912 260 1951 membra
296 1912 422 1950 aliena
452 1913 553 1951 fame
583 1914 814 1961 lacerabant,
849 1926 934 1952 esse
966 1912 1088 1963 parati

85 2021 181 2042 exerc.
208 2011 299 2043 Plz'n.
323 2017 358 2053 p.
391 2022 476 2052 441:
506 2012 820 2054 praestan”****P
846 2013 1083 2054 praestantibus
1113 2012 1264 2044 omnibus

86 2066 205 2096 instant
229 2077 252 2096 ω
271 2066 276 2107 Ι
298 2068 335 2104 78
359 2067 392 2098 in
414 2078 474 2098 om.
491 2066 546 2108 Pl
568 2076 605 2110 79
630 2067 850 2109 particula***
867 2068 977 2099 multis
999 2067 1053 2107 P!
1074 2069 1113 2108 85
1137 2077 1264 2109 prome-

86 2121 161 2152 thea
182 2119 235 2161 P}
257 2119 296 2152 86
320 2123 358 2161 87
381 2122 657 2154 elemento—reor
679 2133 753 2154 unc.
775 2123 849 2155 incl.
877 2123 984 2162 Orelli,
1005 2123 1178 2154 Hermann
1197 2120 1202 2163 Ι
1222 2130 1263 2162 93

86 2173 254 2205 elementis
268 2174 302 2205 P
317 2173 322 2215 Ι
341 2182 380 2216 97
397 2177 438 2217 98
456 2176 515 2207 del.
536 2176 630 2208 Gm'et
