1458 2476
641 181 742 219 XIV
1236 189 1283 228 25

98 266 137 306 in
166 280 283 306 cavea
311 279 454 317 magno
483 264 636 305 fremitu
665 267 728 304 leo
756 266 866 304 tollet
894 265 1085 303 alumnus.

98 339 191 371 nota
218 330 501 370 mathematicis
529 330 680 381 genesis
709 337 793 377 tua3
821 329 890 368 sed
919 342 1033 379 grave
1061 329 1190 367 tardas

98 404 299 445 expectare
328 396 457 434 colus:
487 394 662 432 morieris
691 393 858 431 stamine
888 393 1066 430 nondum

97 461 271 510 abrupto.
330 460 407 498 iarn
435 472 541 498 nunc
569 460 701 497 obstas
731 465 769 496 et
797 465 889 496 vota
915 456 1088 504 moraris,
1213 469 1287 507 250

97 523 173 562 iam
202 531 356 573 torquet
384 524 565 561 iuvenem
593 524 711 572 longa
739 529 778 561 et
806 520 960 559 cervina
989 527 1180 559 senectus.

97 590 205 629 ocius
224 589 471 639 Archigenen
493 602 635 639 quaere
655 596 774 638 atque
802 600 888 626 eme
909 588 1017 636 quod
1039 586 1287 625 Mithridates

96 654 328 705 composuit.
386 654 418 693 si
446 654 504 692 vis
532 653 647 692 aliam
677 655 888 702 decerpere
916 653 1034 690 ficum

96 728 212 769 atque
238 720 331 758 alias
357 726 520 758 tractare
546 732 666 766 rosas,
686 718 934 756 medicamen
960 716 1189 756 habendum
1216 724 1286 763 est,

95 787 250 824 sorbere
270 792 360 823 ante
380 784 512 823 cibum
532 785 639 834 quod
660 785 801 822 debeat
822 790 860 821 et
880 789 989 832 pater
1009 789 1047 820 et
1067 782 1157 820 rex.²
1212 793 1283 831 255

150 850 331 887 Monstro
359 849 603 897 voluptatem
633 847 837 897 egregiam,
870 845 933 884 cui
961 847 1070 884 nulla
1098 846 1258 893 theatra,

94 913 201 950 nulla
229 925 396 961 aequare
424 924 544 961 queas
573 912 759 961 praetoris
788 910 939 961 pulpita
965 910 1073 958 lauti,

95 976 126 1015 si
155 985 318 1026 spectes,
349 985 498 1026 quanto
526 976 663 1026 capitis
693 976 917 1015 discrimine
946 983 1128 1015 constent

93 1041 334 1080 incrementa
363 1042 514 1088 domus,
546 1048 676 1079 aerata
704 1042 850 1078 multus
879 1040 919 1079 in
948 1054 1037 1079 arca

92 1106 207 1143 fiscus
237 1112 275 1143 et
303 1105 354 1142 ad
379 1104 534 1154 vigilem
563 1104 738 1154 ponendi
769 1105 933 1143 Castora
960 1103 1123 1151 nummi,
1211 1106 1284 1142 260

93 1181 140 1207 ex
167 1180 247 1218 quo
277 1169 384 1205 Mars
413 1168 515 1205 ultor
541 1168 693 1216 galeam
723 1180 882 1217 quoque
911 1168 1083 1217 perdidit
1112 1175 1150 1207 et
1179 1181 1240 1207 res

91 1244 172 1270 non
200 1232 329 1281 potuit
358 1244 508 1269 servare
539 1244 637 1268 suas.
698 1244 789 1281 ergo
819 1231 953 1269 omnia
981 1232 1120 1270 Florae

91 1302 129 1333 et
159 1293 310 1333 Cereris
339 1294 429 1332 licet
457 1301 495 1332 et
525 1295 693 1343 Cybeles
722 1295 859 1332 aulaea
886 1294 1082 1344 relinquas
1089 1309 1101 1343 3

91 1367 200 1398 tanto
229 1358 395 1396 maiores
424 1359 597 1396 humana
624 1358 782 1408 negotia
810 1359 903 1398 ludi.

90 1438 140 1462 an
169 1423 291 1474 magis
320 1425 520 1462 oblectant
549 1423 723 1461 animum
752 1423 894 1461 iactata
922 1431 1084 1473 petauro
1207 1428 1279 1475 265

91 1502 254 1539 corpora
282 1490 426 1540 quique
456 1491 555 1528 solet
583 1497 730 1529 rectum
761 1491 1000 1529 descendere
1028 1492 1173 1539 funem,

92 1567 210 1603 quarn
240 1562 293 1601 tn,
325 1554 491 1604 Corycia
520 1567 673 1603 semper
701 1553 767 1603 qui
796 1567 927 1604 puppe
956 1555 1117 1593 moraris

89 1626 207 1668 atque
235 1619 400 1666 habitas,
430 1632 523 1657 coro
553 1631 708 1668 semper
735 1620 933 1657 tollendus
962 1626 1002 1658 et
1030 1627 1173 1668 austro,

88 1682 261 1733 perditus
289 1696 335 1721 ac
363 1682 449 1721 vilis
478 1682 581 1720 sacci
610 1689 802 1720 mercator
830 1682 982 1729 olentis,

88 1747 153 1797 qui
183 1748 328 1798 gaudes
356 1747 498 1797 pingue
526 1746 709 1796 antiquae
738 1747 788 1785 de
826 1747 938 1785 litore
968 1748 1107 1786 Cretae
1205 1760 1280 1796 270

88 1825 244 1862 passum
274 1819 311 1851 et
334 1812 552 1861 municipes
579 1811 684 1850 Iovis
713 1812 914 1850 advexisse
943 1813 1132 1862 lagonas?

87 1876 150 1914 hic
178 1884 309 1915 tamen
339 1876 499 1926 ancipiti
527 1878 650 1926 figens
678 1876 841 1926 vestigia
867 1878 1002 1927 planta

87 1940 232 1978 victum
261 1940 326 1979 illa
353 1941 535 1980 mercede
563 1948 673 1991 parat
701 1941 958 1991 brumamque
986 1943 1211 1993 famemque

88 2006 150 2043 illa
178 2013 277 2044 reste
306 2012 416 2044 cavet
424 2020 435 2054 3
463 2013 505 2044 tu
532 2013 691 2056 propter
718 2005 823 2044 mille
852 2007 999 2044 talenta

87 2076 124 2107 et
153 2076 311 2107 centum
339 2069 447 2107 villas
476 2069 712 2108 temerarius.
771 2069 901 2118 aspice
929 2077 1063 2119 portus
1200 2083 1273 2120 275
1327 2091 1334 2099 ·

87 2141 125 2172 et
141 2135 297 2183 plenum
315 2133 464 2183 magnis
481 2134 653 2172 trabibus
662 2147 787 2174 mare:
802 2135 889 2184 plus
905 2134 1109 2172 hominum
1124 2142 1180 2174 est
1199 2136 1281 2179 iam*

258 2218 321 2250 250
343 2215 420 2241 voto
437 2209 513 2252 PSl
536 2219 594 2250 255
621 2215 652 2242 et
668 2215 744 2242 ante
761 2208 812 2252 Pl
834 2209 895 2242 260
918 2215 1044 2242 castura
1060 2211 1094 2241 P
