1458 2476
523 161 631 203 xm·
688 162 836 201 60—64
1226 164 1275 212 69

86 253 272 293 praesertim
300 256 337 282 ut
358 262 448 282 nuuc
470 256 547 282 sunt
573 260 693 281 mores:
721 251 796 281 adeo
825 260 872 281 res
894 249 994 280 redit:
1015 247 1019 290 Ι
1038 249 1162 291 siquis
1185 249 1276 291 quid

91 294 232 331 reddit,
262 305 399 335 magna
425 294 642 325 habendast
670 294 807 334 gratia.
857 293 955 324 Mart.
981 300 992 322 I
1018 301 1075 330 103
1100 302 1132 324 ιι
1156 293 1191 323 in
1213 293 1273 330 ius,

89 337 227 378 ofizllax
241 342 335 378 atque
348 337 559 372 infitiator,
574 347 694 367 eamus.

155 383 192 410 61
209 388 286 410 cun
304 387 399 411 'rou
414 387 607 410 Αειωοικε
624 386 769 409 FOLLEM
787 383 853 409 rust
868 378 932 409 and
949 377 1003 408 all.
1051 377 1270 409 Plaut.T1-uc.

90 432 136 463 pr.
169 432 205 464 19
227 433 288 463 quo
309 423 402 453 cilius
426 432 491 452 rem
514 422 553 452 ab
573 432 604 453 eo
623 426 754 451 averrat
772 431 854 452 cum
880 420 1119 473 pulvisculo.
1155 421 1277 451 Lucian

91 465 229 496 lcarom.
250 475 291 505 30
303 465 339 496 of
352 465 535 505 hypocrites
552 465 764 503 περιλείχουσι
779 464 841 494 τῶν
856 464 981 503 ὀβολῶν
996 475 1048 493 τοι·
1066 464 1194 504 ῥύπον.

156 514 298 538 rOLLEM
318 515 382 538 XIV
401 510 456 538 281
478 518 509 537 u.

154 553 193 580 62
221 557 437 580 PRODIGIOSA
463 560 482 580 a
504 549 651 590 prodigy,
669 548 864 589 foreboding
886 559 975 579 some
999 548 1188 580 missortune
1212 549 1276 579 and

90 592 230 633 needing
261 599 294 623 to
320 593 359 624 be
389 593 537 633 expiated
567 592 776 632 (procurssarz)
825 592 907 631 Livy
930 592 1113 632 apologises
1143 591 1193 621 sor
1223 592 1277 622 the

90 635 245 666 insertion
261 635 299 665 of
311 635 495 676 prodigies*
489 645 520 665 In
538 635 586 665 his
603 634 726 674 history
742 641 833 664 XLIII
855 643 890 673 ¹3
908 635 924 672 ἓ
945 645 954 665 I
976 645 1038 664 mm
1055 644 1126 664 sum
1144 634 1272 671 71esci,us

91 678 132 708 ab
146 678 251 708 eadem
266 679 372 717 maog
354 679 465 713 ‹rentzsta
478 688 542 718 qua
555 678 643 708 nihil
654 677 721 707 deos
728 677 915 725 portendere
923 678 1018 717 vulgo
1033 687 1120 707 nunc
1134 677 1274 714 creclant,

90 730 190 760 neque
212 722 365 751 mutuari
386 720 558 751 admodum
587 721 679 750 nulla
694 720 846 760 prodigal
873 730 908 750 m
927 720 1092 760 publicum
1118 730 1214 760 neque
1241 720 1276 749 in

91 763 226 793 annales
250 763 370 803 referri.
410 763 473 793 and
498 763 570 794 Iuv.
594 762 683 802 (here
705 763 769 792 and
795 770 820 792 II
850 772 967 793 121-——1
976 764 1026 801 58)
1054 762 1171 802 speaks
1196 762 1277 793 scof-

92 804 193 846 fingly
219 816 261 836 on
291 806 344 837 the
369 805 502 846 subject.
551 805 644 845 They
666 815 749 836 were
772 815 849 845 very
865 805 1045 845 frequently
1062 805 1220 835 observed
1245 805 1277 836 in

92 848 147 879 the
169 849 289 879 second
314 849 415 879 Punic
438 859 503 878 war
528 848 614 885 (Liv.
636 855 715 878 XXII
738 857 747 877 I
771 850 804 885 ἐξ
827 851 941 878 8—20.
989 855 1077 877 XXIV
1105 858 1142 879 10
1166 848 1200 886 ἓξ
1216 847 1276 879 6-

96 900 140 930 13.
187 898 279 921 XXVI
304 900 343 930 23
367 892 400 929 ἓξ
428 904 447 931 4
475 901 490 930 5
520 891 625 921 which
650 901 723 930 may
749 891 788 921 be
813 890 987 931 compared
1013 890 1091 920 with
1112 889 1278 931 Juvenal's

92 933 143 964 list
163 957 169 963 .

147 932 277 1007 >TUSCIS
301 976 382 1007 srom
407 976 460 1007 the
485 976 630 1006 Tuscans
654 975 708 1006 the
732 976 879 1006 Romans
899 975 1068 1006 borrowed
1092 975 1210 1007 almost
1235 976 1278 1006 all

90 1019 301 1050 ceremonials
327 1018 363 1049 of
389 1019 524 1059 religion
552 1029 589 1048 or
618 1024 700 1049 state
730 1019 764 1057 (v
792 1018 849 1056 164
872 1029 904 1048 n.
936 1026 959 1048 x
985 1028 1023 1057 35
1048 1028 1078 1049 n.
1115 1019 1153 1057 38
1177 1029 1207 1050 n.
1242 1027 1276 1049 11

94 1069 149 1100 155
179 1062 226 1099 n.)
249 1071 317 1102 esp.
341 1061 523 1102 expiations
548 1061 617 1091 Liv.
644 1068 655 1091 1
683 1062 754 1099 34§
777 1071 796 1101 9
819 1061 856 1091 of
875 1061 1036 1101 Tanaquil
1059 1061 1128 1098 (sat.
1147 1069 1184 1091 VI
1203 1060 1276 1099 566)

89 1103 225 1144 perita,
240 1110 279 1134 ut
299 1104 416 1144 vulgo
432 1104 599 1139 Etrusci,
615 1104 845 1134 caelestium
863 1104 1133 1144 prodigiorum
1150 1105 1277 1134 mulier.

90 1147 132 1177 ib.
155 1146 192 1186 56
214 1148 231 1184 ξ
254 1156 270 1186 5
294 1157 366 1176 cum
390 1147 436 1176 ad
448 1147 577 1187 publica
594 1146 745 1187 prodigia
775 1147 931 1177 Etrusci
958 1151 1086 1176 tantum
1113 1151 1199 1177 vates
1221 1148 1276 1177 ad-

89 1189 280 1220 hiberentur.
329 1189 396 1220 Cic.
417 1189 500 1229 legg.
520 1196 545 1219 11
564 1190 580 1226 ἓ
597 1198 632 1219 21
660 1189 853 1229 prodigia,
873 1195 1059 1229 portenta
1082 1189 1128 1219 ad
1146 1190 1277 1220 Etrus-

90 1241 154 1262 cos
174 1232 412 1272 haruspices,
431 1233 461 1262 si
480 1237 608 1262 senatus
629 1232 728 1268 iussit,
754 1231 982 1268 deserunto;
1015 1232 1276 1273 Etruriaeque

90 1274 289 1315 principes
319 1274 575 1314 disciplinam
601 1275 753 1305 doceto.
803 1274 914 1304 Lucan
943 1282 955 1304 1
982 1274 1150 1314 584—638
1175 1285 1194 1305 a
1221 1275 1276 1306 full

89 1324 227 1348 account
243 1317 280 1348 of
292 1327 311 1347 a
325 1317 482 1348 lustratio.

153 1367 272 1390 DIGNA
287 1360 350 1390 this
365 1360 496 1400 general
511 1365 593 1391 term
609 1370 684 1400 may
699 1359 828 1390 include
841 1371 848 1390 ε
871 1359 998 1400 wortliy
1015 1365 1048 1390 to
1064 1360 1104 1391 be
1120 1361 1276 1391 recorded

89 1412 210 1443 among
237 1402 291 1433 the
315 1408 461 1443 portents
485 1403 517 1433 in
543 1402 667 1438 annals,
690 1403 816 1442 worthy
839 1402 876 1433 of
902 1413 920 1433 a
943 1403 1064 1440 special
1091 1408 1272 1441 treatment,

90 1445 168 1475 with
188 1445 307 1485 special
327 1445 494 1482 remedies,
514 1445 545 1475 in
566 1445 726 1476 technical
743 1445 909 1483 treatises;
931 1447 1095 1486 requiring
1111 1446 1166 1477 the
1181 1447 1277 1487 study

89 1487 128 1518 os
139 1487 217 1518 such
233 1488 388 1522 neatis-es,
407 1488 455 1517 sor
471 1489 511 1518 its
527 1488 772 1528 interpretation
789 1488 851 1518 and
869 1488 1046 1528 expiation.

154 1537 314 1561 LIBELLIS
334 1531 388 1561 the
411 1531 624 1560 Etruscorum
645 1531 763 1570 scripta
787 1531 871 1568 (Cic.
896 1531 1023 1571 harusp.
1052 1540 1135 1571 resp.
1161 1532 1178 1569 ἓ
1205 1532 1269 1570 25),

89 1572 304 1603 Etruscorum
330 1573 409 1602 libri
427 1573 631 1613 haruspicini
653 1578 682 1603 et
694 1573 884 1613 fulgurales
911 1573 964 1609 (de
988 1574 1089 1604 divin.
1117 1582 1128 1604 Ι
1159 1575 1176 1612 §
1209 1576 1272 1614 72),

89 1615 219 1646 chartae
237 1616 394 1646 Etruscae
416 1616 472 1652 (ib.
492 1617 508 1654 ἓ
526 1617 597 1652 20):
620 1617 777 1646 Etruscae
790 1615 977 1656 disciplinae
991 1617 1157 1646 volumina
1174 1618 1184 1651 (
1192 1617 1270 1648 Plin.

90 1665 117 1688 11
146 1658 162 1696 ἓ
189 1667 256 1699 199.
291 1665 315 1688 x
338 1659 354 1696 ξ
376 1667 414 1696 37
439 1658 619 1689 illustrated
640 1658 772 1694 works).
820 1659 913 1689 Lucr.
938 1666 973 1688 VI
992 1658 1043 1689 86.
1065 1660 1121 1697 381
1142 1660 1270 1691 Mumo.

92 1700 168 1731 Sen.
193 1710 223 1731 n.
247 1710 278 1741 q.
309 1708 336 1731 II
360 1710 397 1738 3²
420 1701 436 1738 ξ
460 1710 476 1730 2
508 1701 628 1735 Tuscos,
645 1701 758 1741 quibus
778 1711 904 1731 summa
927 1706 972 1731 est
979 1701 1162 1741 fulvumcm
1173 1707 1275 1742 perse-

89 1743 286 1783 qttendorum
308 1743 446 1773 scientia.
494 1743 549 1774 All
574 1744 664 1774 these
686 1744 794 1774 works
818 1743 982 1785 professed
1006 1751 1040 1775 to
1065 1747 1194 1775 contain
1220 1745 1275 1776 the

90 1785 251 1816 doctrines
271 1785 308 1816 of
334 1786 429 1825 Tages
451 1786 518 1816 Cic.
546 1786 586 1817 de
610 1786 709 1816 divin.
734 1794 762 1816 11
787 1788 804 1824 ξ
828 1796 876 1824 ,²0-
928 1788 1128 1828 Mam-1117
1146 1789 1162 1825 ἕ
1179 1798 1195 1818 2
1215 1788 1275 1819 Ian

92 1827 171 1858 uber
190 1828 352 1868 Tarqui'm
365 1824 576 1869 tianscrzptus
589 1839 629 1859 ex
643 1829 864 1859 ostentatio
880 1829 1017 1860 Tusco.

155 1873 193 1900 63
222 1878 341 1901 conos
346 1879 417 1901 ATA
443 1879 543 1901 AGNA
574 1879 629 1902 XII
665 1873 722 1902 118
753 1882 784 1902 n.
841 1873 921 1902 Acts
956 1883 993 1911 14
1027 1882 1063 1913 13
1096 1872 1270 1905 Wetstein.

91 1912 228 1943 Tertull.
259 1923 323 1944 cor.
359 1924 396 1945 ιο
420 1913 474 1944 fin.
507 1915 592 1954 ipsae
620 1914 775 1945 hostiae
804 1919 834 1945 et
861 1925 946 1952 arae,
976 1916 1039 1955 ipsi
1068 1916 1211 1947 mzmstri
1238 1927 1276 1947 ac

89 1955 254 1985 sacerdotes
269 1966 375 1986 eorum
391 1963 637 1987 coronantur.

154 2001 203 2034 64,
223 2001 261 2028 65
288 2005 480 2037 EGREGIUM
503 2007 625 2030 vnum
652 2007 858 2030 MONSTRUM
881 1999 950 2031 Cic.
973 2000 1015 2031 de
1037 2000 1137 2032 divin.
1158 2008 1187 2031 11
1203 2001 1219 2039 ἓ
1234 2000 1271 2032 61

89 2040 128 2076 si,
146 2040 232 2080 quod
249 2051 326 2071 raro
334 2041 388 2082 fit,
409 2042 446 2072 z'd
458 2046 643 2082 portentum
660 2043 847 2082 putandum
870 2046 920 2080 est,
946 2043 1166 2084 sapientem
1189 2054 1274 2075 esse

90 2089 315 2123 portentum
345 2089 413 2115 est.
457 2085 582 2125 saepius
603 2085 688 2115 enim
719 2085 861 2116 mulam
889 2086 1092 2126 peperisse
1121 2086 1272 2123 arbitror,

89 2136 186 2166 quam
203 2126 490 2167 sapt'evttemfiukse.

156 2175 340 2199 BIMEMBRI
379 2169 451 2200 Liv.
486 2177 590 2200 xxvn
626 2179 658 2201 ιι
691 2171 708 2208 ς
743 2179 759 2210 5
795 2180 878 2201 cum
909 2170 1114 2211 elephanti
1144 2172 1272 2213 capite
