1458 2476
577 151 677 190 XIV
1173 165 1220 202 19

38 236 157 274 nutrit
188 245 226 274 et
254 236 413 275 inventa
441 249 510 287 per
538 237 654 275 devia
683 250 770 275 rura
800 238 960 275 lacerta:
1171 249 1215 286 75

39 298 92 336 illi
125 298 262 336 eadem
293 298 457 348 sumptis
485 306 676 347 quaerunt
706 298 889 336 animalia
918 297 1056 347 pinnis.

39 363 165 400 vultur
193 362 368 402 iumento
397 370 434 401 et
463 363 626 401 canibus
654 363 911 412 crucibusque
939 363 1081 401 relictis

38 425 88 463 ad
118 426 217 463 fetus
246 433 425 475 properat
454 432 680 475 partemque
711 426 908 464 cadaveris
941 426 1085 464 adfert:

39 489 101 527 hic
135 497 192 528 est
222 502 313 539 ergo
341 490 451 528 cibus
479 490 610 539 magni
643 502 801 539 quoque
831 490 992 528 vulturis
1021 498 1059 529 et
1089 503 1130 529 se

38 553 241 603 pascentis,
268 554 423 603 propria
450 568 539 592 cum
568 554 645 592 iam
678 555 770 592 facit
803 556 939 593 arbore
969 555 1094 593 nidos.
1171 558 1221 594 80

39 617 108 654 sed
133 617 306 666 leporem
334 625 400 655 aut
423 631 602 667 capream
626 619 794 656 famulae
823 618 928 656 Iovis
948 625 987 656 et
1006 631 1221 669 generosae

39 680 79 718 in
112 681 212 718 saltu
240 689 430 719 venantur
459 694 561 728 aves,
591 681 682 719 hinc
712 682 857 731 praeda
889 682 1008 720 cubili

38 743 212 793 ponitur:
241 743 332 782 inde
364 752 496 783 autem
529 758 619 782 cum
652 758 694 783 se
723 752 873 783 matura
902 745 1036 784 levarit

39 808 255 858 progenies,
276 809 498 847 stimulante
528 810 629 846 fame
658 809 813 847 festinat
841 810 892 847 ad
920 809 1038 856 illam,

41 886 156 922 quam
188 873 355 922 primum
385 874 570 923 praedam
599 882 714 923 rupto
746 881 966 923 gustaverat
1000 887 1086 912 ovo.
1173 876 1219 924 85

92 938 330 976 Aedificator
357 946 437 976 erat
467 938 672 976 Cretonius
700 945 739 976 et
767 939 888 977 modo
921 951 1040 977 curvo

41 1001 152 1039 litore
186 998 357 1047 Caietae,
390 1015 544 1039 summa
575 1015 681 1039 nunc
711 1002 866 1040 Tiburis
895 1016 994 1050 arce,

42 1077 146 1102 nunc
177 1064 434 1102 Praenestinis
462 1064 502 1102 in
536 1064 734 1102 montibus
762 1066 842 1103 alta
872 1066 1034 1115 parabat

42 1128 212 1166 culmina
234 1128 410 1166 villarum
441 1128 598 1167 Graecis
626 1129 820 1179 longeque
847 1129 976 1179 petitis
1174 1132 1223 1182 89

43 1193 310 1239 marmoribus,
330 1193 489 1231 vincens
510 1194 704 1231 Fortunae
724 1202 841 1243 atque
864 1194 1047 1233 Herculis
1068 1195 1221 1243 aedem,

43 1267 85 1296 ut
114 1260 236 1308 spado
263 1259 443 1298 vincebat
474 1259 668 1309 Capitolia
695 1268 827 1298 nostra
855 1259 1025 1298 Posides.

45 1324 140 1360 dum
170 1323 224 1361 sie
253 1336 343 1373 ergo
372 1323 521 1361 habitat
563 1323 784 1371 Cretonius,
814 1323 995 1362 inminuit
1022 1337 1117 1371 rem,

44 1387 153 1436 fregit
181 1400 274 1436 opes
283 1402 294 1436 5
331 1400 404 1425 nec
431 1401 549 1437 parva
577 1395 708 1425 tamen
739 1401 919 1426 mensura
945 1388 1101 1427 relictae

44 1452 161 1501 partis
191 1459 287 1491 erat:
325 1459 449 1490 totam
477 1453 579 1489 hanc
609 1452 776 1490 turbavit
803 1452 902 1490 filius
931 1465 1077 1499 amens,

45 1519 139 1556 dum
171 1517 330 1555 meliore
356 1529 476 1554 novas
504 1516 645 1554 attollit
675 1529 866 1554 marmore
891 1516 1009 1554 villas.
1176 1529 1222 1566 95

99 1581 271 1629 Quidam
304 1580 426 1619 sortiti
457 1587 699 1618 metuentem
728 1581 890 1618 sabbata
916 1588 1066 1630 patrem

45 1646 99 1684 nil
127 1654 277 1695 praeter
305 1647 428 1684 nubes
457 1653 495 1684 et
525 1646 622 1683 caeli
649 1658 797 1683 numen
824 1646 1001 1693 adorant,

46 1724 119 1749 nec
147 1711 288 1750 distare
321 1718 458 1760 putant
486 1711 659 1748 humana
688 1723 803 1749 earne
836 1710 1001 1757 suillam,

47 1787 124 1823 qua
150 1782 260 1824 pater
285 1774 482 1821 abstinuit,
513 1786 606 1812 mox
634 1781 672 1812 et
700 1773 900 1823 praeputia
928 1780 1090 1823 ponunt.

48 1840 248 1877 Romanas
278 1846 409 1877 autem
443 1838 545 1877 soliti
573 1846 823 1877 contemnere
856 1839 962 1888 leges
1155 1851 1227 1875 100

49 1903 254 1941 Iudaicum
283 1903 461 1941 ediscunt
491 1911 529 1941 et
560 1910 713 1941 servant
741 1915 787 1940 ac
816 1910 998 1941 metuunt
1030 1902 1100 1949 ius,

49 1966 205 2005 tradidit
233 1979 374 2006 arcano
401 1966 678 2016 quodcumque
706 1966 904 2005 volumine
935 1967 1107 2016 Moyses,

116 2108 155 2148 78
181 2107 329 2140 adse*tus
351 2106 406 2150 ΡΙ
424 2110 463 2140 82
490 2109 572 2140 haec
595 2109 728 2140 Lacbm.
749 2107 754 2149 Ι
775 2109 814 2148 83
837 2119 871 2140 se
893 2119 952 2139 om.
980 2109 1015 2139 P
1030 2106 1035 2148 Ι
1052 2107 1174 2140 levaret
1198 2108 1233 2138 P

49 2162 170 2194 levabit
187 2165 216 2193 S·
235 2161 241 2203 Ι
259 2171 295 2204 91
315 2162 482 2204 possidens
497 2163 531 2193 P
546 2160 552 2204 Ι
574 2172 631 2193 102
656 2161 752 2193 tradit
769 2162 803 2193 P
819 2160 823 2203 Ι
843 2162 974 2202 Moyses
988 2161 1047 2192 PS

1021 2236 1119 2261 2—2
