<?xml version="1.0" encoding="UTF-8"?>
<!DOCTYPE html PUBLIC "-//W3C//DTD XHTML 1.0 Transitional//EN"
    "http://www.w3.org/TR/xhtml1/DTD/xhtml1-transitional.dtd">
<html xmlns="http://www.w3.org/1999/xhtml" xml:lang="en" lang="en">
 <head>
  <title>
</title>
<meta http-equiv="Content-Type" content="text/html;charset=utf-8" />
  <meta name='ocr-system' content='tesseract 3.04.00' />
  <meta name='ocr-capabilities' content='ocr_page ocr_carea ocr_par ocr_line ocrx_word'/>
</head>
<body>
  <div class='ocr_page' id='page_1' title='image "./juvenalforschool04juveuoft_0026.png"; bbox 0 0 1458 2476; ppageno 0'>
   <div class='ocr_carea' id='block_1_1' title="bbox 194 176 835 219">
    <p class='ocr_par' dir='ltr' id='par_1_1' title="bbox 194 176 835 219">
     <span class='ocr_line' id='line_1_1' title="bbox 194 176 835 219; baseline 0.005 -9"><span class='ocrx_word' id='word_1_1' title='bbox 194 187 239 219; x_wconf 86' lang='lat'>14</span> <span class='ocrx_word' id='word_1_2' title='bbox 728 176 835 213; x_wconf 86' lang='lat' dir='ltr'>XIII</span> 
     </span>
    </p>
   </div>
   <div class='ocr_carea' id='block_1_2' title="bbox 171 260 1368 2038">
    <p class='ocr_par' dir='ltr' id='par_1_2' title="bbox 186 260 1034 309">
     <span class='ocr_line' id='line_1_2' title="bbox 186 260 1034 309; baseline 0.002 -12"><span class='ocrx_word' id='word_1_3' title='bbox 186 260 351 298; x_wconf 79' lang='lat' dir='ltr'>evasisse</span> <span class='ocrx_word' id='word_1_4' title='bbox 379 268 501 309; x_wconf 57' lang='lat' dir='ltr'>pum,</span> <span class='ocrx_word' id='word_1_5' title='bbox 533 273 631 309; x_wconf 89' lang='lat' dir='ltr'>quos</span> <span class='ocrx_word' id='word_1_6' title='bbox 660 261 731 298; x_wconf 90' lang='lat' dir='ltr'>diri</span> <span class='ocrx_word' id='word_1_7' title='bbox 761 261 916 299; x_wconf 89' lang='lat' dir='ltr'>conscia</span> <span class='ocrx_word' id='word_1_8' title='bbox 944 261 1034 299; x_wconf 87' lang='lat' dir='ltr'>facti</span> 
     </span>
    </p>

    <p class='ocr_par' dir='ltr' id='par_1_3' title="bbox 184 325 1366 502">
     <span class='ocr_line' id='line_1_3' title="bbox 185 325 1205 364; baseline 0.003 -3"><span class='ocrx_word' id='word_1_9' title='bbox 185 337 294 362; x_wconf 86' lang='lat' dir='ltr'>mens</span> <span class='ocrx_word' id='word_1_10' title='bbox 324 325 440 363; x_wconf 81' lang='lat' dir='ltr'>habet</span> <span class='ocrx_word' id='word_1_11' title='bbox 468 325 652 363; x_wconf 88' lang='lat' dir='ltr'>attonitos</span> <span class='ocrx_word' id='word_1_12' title='bbox 681 333 719 363; x_wconf 86' lang='lat' dir='ltr'>et</span> <span class='ocrx_word' id='word_1_13' title='bbox 747 326 864 363; x_wconf 86' lang='lat' dir='ltr'>surdo</span> <span class='ocrx_word' id='word_1_14' title='bbox 893 327 1049 364; x_wconf 87' lang='lat' dir='ltr'>verbere</span> <span class='ocrx_word' id='word_1_15' title='bbox 1078 327 1205 364; x_wconf 89' lang='lat' dir='ltr'>caedit</span> 
     </span>
     <span class='ocr_line' id='line_1_4' title="bbox 185 388 1366 439; baseline 0.001 -13"><span class='ocrx_word' id='word_1_16' title='bbox 185 390 382 426; x_wconf 88' lang='lat' dir='ltr'>occultum</span> <span class='ocrx_word' id='word_1_17' title='bbox 411 389 608 438; x_wconf 81' lang='lat' dir='ltr'>quatiente</span> <span class='ocrx_word' id='word_1_18' title='bbox 636 388 766 427; x_wconf 88' lang='lat' dir='ltr'>animo</span> <span class='ocrx_word' id='word_1_19' title='bbox 796 397 940 427; x_wconf 84' lang='lat' dir='ltr'>tortore</span> <span class='ocrx_word' id='word_1_20' title='bbox 967 391 1186 438; x_wconf 84' lang='lat' dir='ltr'>flagellum?</span> <span class='ocrx_word' id='word_1_21' title='bbox 1298 403 1366 439; x_wconf 87' lang='lat'>195</span> 
     </span>
     <span class='ocr_line' id='line_1_5' title="bbox 184 453 1219 502; baseline 0.001 -11"><span class='ocrx_word' id='word_1_22' title='bbox 184 466 311 502; x_wconf 87' lang='lat' dir='ltr'>poena</span> <span class='ocrx_word' id='word_1_23' title='bbox 339 460 469 491; x_wconf 83' lang='lat' dir='ltr'>autem</span> <span class='ocrx_word' id='word_1_24' title='bbox 497 454 707 491; x_wconf 87' lang='lat' dir='ltr'>vehemens</span> <span class='ocrx_word' id='word_1_25' title='bbox 736 467 781 491; x_wconf 86' lang='lat' dir='ltr'>ac</span> <span class='ocrx_word' id='word_1_26' title='bbox 810 455 933 491; x_wconf 88' lang='lat' dir='ltr'>multo</span> <span class='ocrx_word' id='word_1_27' title='bbox 962 453 1110 491; x_wconf 80' lang='lat' dir='ltr'>saevior</span> <span class='ocrx_word' id='word_1_28' title='bbox 1138 454 1219 501; x_wconf 83' lang='lat' dir='ltr'>illis,</span> 
     </span>
    </p>

    <p class='ocr_par' dir='ltr' id='par_1_4' title="bbox 182 517 1339 694">
     <span class='ocr_line' id='line_1_6' title="bbox 184 517 1339 567; baseline 0.002 -13"><span class='ocrx_word' id='word_1_29' title='bbox 184 531 279 566; x_wconf 82' lang='lat' dir='ltr'>quas</span> <span class='ocrx_word' id='word_1_30' title='bbox 309 525 346 556; x_wconf 92' lang='lat' dir='ltr'>et</span> <span class='ocrx_word' id='word_1_31' title='bbox 376 517 582 556; x_wconf 77' lang='lat' dir='ltr'>Caedicius</span> <span class='ocrx_word' id='word_1_32' title='bbox 610 518 733 567; x_wconf 84' lang='lat' dir='ltr'>gravis</span> <span class='ocrx_word' id='word_1_33' title='bbox 762 518 908 556; x_wconf 89' lang='lat' dir='ltr'>invenit</span> <span class='ocrx_word' id='word_1_34' title='bbox 937 525 974 555; x_wconf 88' lang='lat' dir='ltr'>et</span> <span class='ocrx_word' id='word_1_35' title='bbox 1003 518 1339 565; x_wconf 78' lang='lat' dir='ltr'>Rhadamanthus,</span> 
     </span>
     <span class='ocr_line' id='line_1_7' title="bbox 183 582 1214 631; baseline 0.001 -11"><span class='ocrx_word' id='word_1_36' title='bbox 183 590 298 620; x_wconf 90' lang='lat' dir='ltr'>nocte</span> <span class='ocrx_word' id='word_1_37' title='bbox 326 582 469 630; x_wconf 87' lang='lat' dir='ltr'>dieque</span> <span class='ocrx_word' id='word_1_38' title='bbox 497 596 610 620; x_wconf 91' lang='lat' dir='ltr'>suurn</span> <span class='ocrx_word' id='word_1_39' title='bbox 638 590 786 631; x_wconf 83' lang='lat' dir='ltr'>gestare</span> <span class='ocrx_word' id='word_1_40' title='bbox 815 583 854 620; x_wconf 92' lang='lat' dir='ltr'>in</span> <span class='ocrx_word' id='word_1_41' title='bbox 882 590 1040 631; x_wconf 76' lang='lat' dir='ltr'>pectore</span> <span class='ocrx_word' id='word_1_42' title='bbox 1067 590 1214 622; x_wconf 87' lang='lat' dir='ltr'>testem.</span> 
     </span>
     <span class='ocr_line' id='line_1_8' title="bbox 182 645 1082 694; baseline 0 -11"><span class='ocrx_word' id='word_1_43' title='bbox 182 646 370 694; x_wconf 77' lang='lat' dir='ltr'>Spartano</span> <span class='ocrx_word' id='word_1_44' title='bbox 399 645 555 682; x_wconf 85' lang='lat' dir='ltr'>cuidam</span> <span class='ocrx_word' id='word_1_45' title='bbox 583 645 782 694; x_wconf 83' lang='lat' dir='ltr'>respondit</span> <span class='ocrx_word' id='word_1_46' title='bbox 812 645 949 694; x_wconf 84' lang='lat' dir='ltr'>Pythia</span> <span class='ocrx_word' id='word_1_47' title='bbox 976 652 1082 683; x_wconf 86' lang='lat' dir='ltr'>vates</span> 
     </span>
    </p>

    <p class='ocr_par' dir='ltr' id='par_1_5' title="bbox 180 709 1368 822">
     <span class='ocr_line' id='line_1_9' title="bbox 180 709 1368 758; baseline 0 -12"><span class='ocrx_word' id='word_1_48' title='bbox 180 710 275 747; x_wconf 87' lang='lat' dir='ltr'>haut</span> <span class='ocrx_word' id='word_1_49' title='bbox 302 709 536 758; x_wconf 86' lang='lat' dir='ltr'>impunitum</span> <span class='ocrx_word' id='word_1_50' title='bbox 565 711 765 758; x_wconf 85' lang='lat' dir='ltr'>quondam</span> <span class='ocrx_word' id='word_1_51' title='bbox 794 710 885 756; x_wconf 88' lang='lat' dir='ltr'>fore,</span> <span class='ocrx_word' id='word_1_52' title='bbox 916 710 1024 758; x_wconf 87' lang='lat' dir='ltr'>quod</span> <span class='ocrx_word' id='word_1_53' title='bbox 1053 709 1245 748; x_wconf 79' lang='lat' dir='ltr'>dubitaret</span> <span class='ocrx_word' id='word_1_54' title='bbox 1294 724 1368 747; x_wconf 91' lang='lat'>200</span> 
     </span>
     <span class='ocr_line' id='line_1_10' title="bbox 181 773 1097 822; baseline 0.001 -12"><span class='ocrx_word' id='word_1_55' title='bbox 181 773 403 822; x_wconf 89' lang='lat' dir='ltr'>depositum</span> <span class='ocrx_word' id='word_1_56' title='bbox 431 774 594 812; x_wconf 88' lang='lat' dir='ltr'>retinere</span> <span class='ocrx_word' id='word_1_57' title='bbox 623 781 660 812; x_wconf 89' lang='lat' dir='ltr'>et</span> <span class='ocrx_word' id='word_1_58' title='bbox 688 775 862 812; x_wconf 85' lang='lat' dir='ltr'>fraudem</span> <span class='ocrx_word' id='word_1_59' title='bbox 891 773 972 812; x_wconf 86' lang='lat' dir='ltr'>iure</span> <span class='ocrx_word' id='word_1_60' title='bbox 1000 774 1097 811; x_wconf 87' lang='lat' dir='ltr'>tueri</span> 
     </span>
    </p>

    <p class='ocr_par' dir='ltr' id='par_1_6' title="bbox 178 837 1365 1142">
     <span class='ocr_line' id='line_1_11' title="bbox 180 837 1223 888; baseline 0.002 -13"><span class='ocrx_word' id='word_1_61' title='bbox 180 837 353 876; x_wconf 83' lang='lat' dir='ltr'>iurando.</span> <span class='ocrx_word' id='word_1_62' title='bbox 413 839 621 888; x_wconf 82' lang='lat' dir='ltr'>quaerebat</span> <span class='ocrx_word' id='word_1_63' title='bbox 650 838 764 886; x_wconf 86' lang='lat' dir='ltr'>enirn,</span> <span class='ocrx_word' id='word_1_64' title='bbox 796 852 896 887; x_wconf 86' lang='lat' dir='ltr'>quae</span> <span class='ocrx_word' id='word_1_65' title='bbox 926 839 1093 876; x_wconf 88' lang='lat' dir='ltr'>numinis</span> <span class='ocrx_word' id='word_1_66' title='bbox 1123 847 1223 877; x_wconf 89' lang='lat' dir='ltr'>esset</span> 
     </span>
     <span class='ocr_line' id='line_1_12' title="bbox 180 901 1200 952; baseline 0.002 -14"><span class='ocrx_word' id='word_1_67' title='bbox 180 913 299 947; x_wconf 84' lang='lat' dir='ltr'>mens,</span> <span class='ocrx_word' id='word_1_68' title='bbox 332 908 369 939; x_wconf 92' lang='lat' dir='ltr'>et</span> <span class='ocrx_word' id='word_1_69' title='bbox 397 914 446 938; x_wconf 83' lang='lat' dir='ltr'>an</span> <span class='ocrx_word' id='word_1_70' title='bbox 475 902 552 939; x_wconf 90' lang='lat' dir='ltr'>hoc</span> <span class='ocrx_word' id='word_1_71' title='bbox 580 901 633 939; x_wconf 81' lang='grc'><strong>1111</strong></span> <span class='ocrx_word' id='word_1_72' title='bbox 662 902 810 939; x_wconf 85' lang='lat' dir='ltr'>facinus</span> <span class='ocrx_word' id='word_1_73' title='bbox 839 903 1018 940; x_wconf 75' lang='lat' dir='ltr'>suaderet</span> <span class='ocrx_word' id='word_1_74' title='bbox 1046 904 1200 952; x_wconf 85' lang='lat' dir='ltr'>Apollo.</span> 
     </span>
     <span class='ocr_line' id='line_1_13' title="bbox 178 964 1365 1014; baseline 0.003 -12"><span class='ocrx_word' id='word_1_75' title='bbox 178 964 348 1002; x_wconf 86' lang='lat' dir='ltr'>reddidit</span> <span class='ocrx_word' id='word_1_76' title='bbox 377 978 467 1014; x_wconf 81' lang='lat' dir='ltr'>ergo</span> <span class='ocrx_word' id='word_1_77' title='bbox 496 973 613 1013; x_wconf 84' lang='lat' dir='ltr'>metu,</span> <span class='ocrx_word' id='word_1_78' title='bbox 645 979 725 1003; x_wconf 91' lang='lat' dir='ltr'>non</span> <span class='ocrx_word' id='word_1_79' title='bbox 754 966 926 1003; x_wconf 88' lang='lat' dir='ltr'>moribus</span> <span class='ocrx_word' id='word_1_80' title='bbox 942 980 953 1014; x_wconf 79' lang='lat'>3</span> <span class='ocrx_word' id='word_1_81' title='bbox 982 973 1020 1004; x_wconf 87' lang='lat' dir='ltr'>et</span> <span class='ocrx_word' id='word_1_82' title='bbox 1048 974 1177 1004; x_wconf 87' lang='lat' dir='ltr'>tamen</span> <span class='ocrx_word' id='word_1_83' title='bbox 1208 979 1365 1005; x_wconf 88' lang='lat' dir='ltr'>omnem</span> 
     </span>
     <span class='ocr_line' id='line_1_14' title="bbox 178 1028 1361 1080; baseline 0.003 -15"><span class='ocrx_word' id='word_1_84' title='bbox 178 1040 315 1066; x_wconf 87' lang='lat' dir='ltr'>vocem</span> <span class='ocrx_word' id='word_1_85' title='bbox 344 1028 448 1078; x_wconf 83' lang='lat' dir='ltr'>adyti</span> <span class='ocrx_word' id='word_1_86' title='bbox 477 1029 635 1077; x_wconf 86' lang='lat' dir='ltr'>dignam</span> <span class='ocrx_word' id='word_1_87' title='bbox 663 1030 810 1078; x_wconf 85' lang='lat' dir='ltr'>templo</span> <span class='ocrx_word' id='word_1_88' title='bbox 838 1042 1048 1078; x_wconf 87' lang='lat' dir='ltr'>veramque</span> <span class='ocrx_word' id='word_1_89' title='bbox 1074 1031 1261 1079; x_wconf 81' lang='lat' dir='ltr'>probavit,</span> <span class='ocrx_word' id='word_1_90' title='bbox 1291 1043 1361 1080; x_wconf 86' lang='lat'>205</span> 
     </span>
     <span class='ocr_line' id='line_1_15' title="bbox 178 1092 1129 1142; baseline 0.004 -14"><span class='ocrx_word' id='word_1_91' title='bbox 178 1092 369 1130; x_wconf 80' lang='lat' dir='ltr'>extinctus</span> <span class='ocrx_word' id='word_1_92' title='bbox 397 1100 479 1131; x_wconf 88' lang='lat' dir='ltr'>tota</span> <span class='ocrx_word' id='word_1_93' title='bbox 506 1093 647 1142; x_wconf 87' lang='lat' dir='ltr'>pariter</span> <span class='ocrx_word' id='word_1_94' title='bbox 674 1106 763 1130; x_wconf 89' lang='lat' dir='ltr'>cum</span> <span class='ocrx_word' id='word_1_95' title='bbox 792 1094 901 1141; x_wconf 86' lang='lat' dir='ltr'>prole</span> <span class='ocrx_word' id='word_1_96' title='bbox 930 1094 1129 1142; x_wconf 86' lang='lat' dir='ltr'>domoque</span> 
     </span>
    </p>

    <p class='ocr_par' dir='ltr' id='par_1_7' title="bbox 177 1155 1176 1206">
     <span class='ocr_line' id='line_1_16' title="bbox 177 1155 1176 1206; baseline 0.003 -14"><span class='ocrx_word' id='word_1_97' title='bbox 177 1163 215 1193; x_wconf 89' lang='lat' dir='ltr'>et</span> <span class='ocrx_word' id='word_1_98' title='bbox 244 1155 419 1204; x_wconf 77' lang='lat' dir='ltr'>quamvis</span> <span class='ocrx_word' id='word_1_99' title='bbox 447 1157 564 1205; x_wconf 86' lang='lat' dir='ltr'>longa</span> <span class='ocrx_word' id='word_1_100' title='bbox 592 1156 770 1194; x_wconf 84' lang='lat' dir='ltr'>deductis</span> <span class='ocrx_word' id='word_1_101' title='bbox 798 1164 912 1205; x_wconf 85' lang='lat' dir='ltr'>gente</span> <span class='ocrx_word' id='word_1_102' title='bbox 940 1157 1176 1206; x_wconf 87' lang='lat' dir='ltr'>propinquis.</span> 
     </span>
    </p>

    <p class='ocr_par' dir='ltr' id='par_1_8' title="bbox 177 1220 1136 1270">
     <span class='ocr_line' id='line_1_17' title="bbox 177 1220 1136 1270; baseline 0.001 -13"><span class='ocrx_word' id='word_1_103' title='bbox 177 1221 246 1258; x_wconf 81' lang='lat' dir='ltr'>has</span> <span class='ocrx_word' id='word_1_104' title='bbox 274 1220 417 1270; x_wconf 86' lang='lat' dir='ltr'>patitur</span> <span class='ocrx_word' id='word_1_105' title='bbox 444 1233 590 1269; x_wconf 88' lang='lat' dir='ltr'>poenas</span> <span class='ocrx_word' id='word_1_106' title='bbox 619 1220 809 1269; x_wconf 88' lang='lat' dir='ltr'>peccandi</span> <span class='ocrx_word' id='word_1_107' title='bbox 837 1222 919 1258; x_wconf 89' lang='lat' dir='ltr'>sola</span> <span class='ocrx_word' id='word_1_108' title='bbox 947 1223 1136 1260; x_wconf 84' lang='lat' dir='ltr'>voluntas.</span> 
     </span>
    </p>

    <p class='ocr_par' dir='ltr' id='par_1_9' title="bbox 177 1284 1232 1334">
     <span class='ocr_line' id='line_1_18' title="bbox 177 1284 1232 1334; baseline 0.002 -13"><span class='ocrx_word' id='word_1_109' title='bbox 177 1297 267 1322; x_wconf 81' lang='lat' dir='ltr'>nam</span> <span class='ocrx_word' id='word_1_110' title='bbox 296 1286 420 1323; x_wconf 88' lang='lat' dir='ltr'>scelus</span> <span class='ocrx_word' id='word_1_111' title='bbox 449 1284 548 1322; x_wconf 90' lang='lat' dir='ltr'>intra</span> <span class='ocrx_word' id='word_1_112' title='bbox 575 1297 616 1322; x_wconf 92' lang='lat' dir='ltr'>se</span> <span class='ocrx_word' id='word_1_113' title='bbox 644 1284 804 1322; x_wconf 88' lang='lat' dir='ltr'>tacitum</span> <span class='ocrx_word' id='word_1_114' title='bbox 834 1285 900 1333; x_wconf 87' lang='lat' dir='ltr'>qui</span> <span class='ocrx_word' id='word_1_115' title='bbox 929 1285 1071 1334; x_wconf 80' lang='lat' dir='ltr'>cogitat</span> <span class='ocrx_word' id='word_1_116' title='bbox 1099 1287 1232 1333; x_wconf 83' lang='lat' dir='ltr'>ullum,</span> 
     </span>
    </p>

    <p class='ocr_par' dir='ltr' id='par_1_10' title="bbox 174 1348 1360 1524">
     <span class='ocr_line' id='line_1_19' title="bbox 175 1348 1360 1398; baseline 0.003 -13"><span class='ocrx_word' id='word_1_117' title='bbox 175 1348 265 1386; x_wconf 87' lang='lat' dir='ltr'>facti</span> <span class='ocrx_word' id='word_1_118' title='bbox 294 1348 438 1386; x_wconf 87' lang='lat' dir='ltr'>crimen</span> <span class='ocrx_word' id='word_1_119' title='bbox 467 1349 605 1386; x_wconf 86' lang='lat' dir='ltr'>habet:</span> <span class='ocrx_word' id='word_1_120' title='bbox 635 1349 744 1395; x_wconf 90' lang='lat' dir='ltr'>cedo,</span> <span class='ocrx_word' id='word_1_121' title='bbox 776 1348 806 1386; x_wconf 89' lang='lat' dir='ltr'>si</span> <span class='ocrx_word' id='word_1_122' title='bbox 835 1356 975 1386; x_wconf 88' lang='lat' dir='ltr'>conata</span> <span class='ocrx_word' id='word_1_123' title='bbox 1002 1350 1176 1398; x_wconf 84' lang='lat' dir='ltr'>peregit?</span> <span class='ocrx_word' id='word_1_124' title='bbox 1287 1364 1360 1387; x_wconf 91' lang='lat'>210</span> 
     </span>
     <span class='ocr_line' id='line_1_20' title="bbox 174 1411 1202 1461; baseline 0.002 -12"><span class='ocrx_word' id='word_1_125' title='bbox 174 1419 362 1460; x_wconf 88' lang='lat' dir='ltr'>perpetua</span> <span class='ocrx_word' id='word_1_126' title='bbox 389 1411 558 1450; x_wconf 81' lang='lat' dir='ltr'>anxietas</span> <span class='ocrx_word' id='word_1_127' title='bbox 587 1425 660 1449; x_wconf 90' lang='lat' dir='ltr'>nec</span> <span class='ocrx_word' id='word_1_128' title='bbox 689 1425 846 1450; x_wconf 78' lang='lat' dir='ltr'>mensae</span> <span class='ocrx_word' id='word_1_129' title='bbox 875 1419 1050 1461; x_wconf 89' lang='lat' dir='ltr'>tempore</span> <span class='ocrx_word' id='word_1_130' title='bbox 1079 1421 1202 1451; x_wconf 82' lang='lat' dir='ltr'>cessat</span> 
     </span>
     <span class='ocr_line' id='line_1_21' title="bbox 174 1475 1121 1524; baseline 0.001 -11"><span class='ocrx_word' id='word_1_131' title='bbox 174 1476 349 1514; x_wconf 85' lang='lat' dir='ltr'>faucibus</span> <span class='ocrx_word' id='word_1_132' title='bbox 378 1483 420 1514; x_wconf 89' lang='lat' dir='ltr'>ut</span> <span class='ocrx_word' id='word_1_133' title='bbox 448 1476 585 1514; x_wconf 89' lang='lat' dir='ltr'>morbo</span> <span class='ocrx_word' id='word_1_134' title='bbox 615 1475 724 1513; x_wconf 88' lang='lat' dir='ltr'>siccis</span> <span class='ocrx_word' id='word_1_135' title='bbox 754 1475 929 1524; x_wconf 85' lang='lat' dir='ltr'>interque</span> <span class='ocrx_word' id='word_1_136' title='bbox 957 1477 1121 1514; x_wconf 81' lang='lat' dir='ltr'>molares</span> 
     </span>
    </p>

    <p class='ocr_par' dir='ltr' id='par_1_11' title="bbox 175 1540 1041 1588">
     <span class='ocr_line' id='line_1_22' title="bbox 175 1540 1041 1588; baseline 0.002 -11"><span class='ocrx_word' id='word_1_137' title='bbox 175 1540 319 1578; x_wconf 85' lang='lat' dir='ltr'>difficili</span> <span class='ocrx_word' id='word_1_138' title='bbox 347 1548 544 1579; x_wconf 88' lang='lat' dir='ltr'>crescente</span> <span class='ocrx_word' id='word_1_139' title='bbox 573 1540 661 1578; x_wconf 90' lang='lat' dir='ltr'>cibo</span> <span class='ocrx_word' id='word_1_140' title='bbox 675 1555 686 1588; x_wconf 81' lang='lat'>3</span> <span class='ocrx_word' id='word_1_141' title='bbox 714 1540 845 1579; x_wconf 88' lang='lat' dir='ltr'>Setina</span> <span class='ocrx_word' id='word_1_142' title='bbox 872 1540 1041 1579; x_wconf 83' lang='lat' dir='ltr'>misellus</span> 
     </span>
    </p>

    <p class='ocr_par' dir='ltr' id='par_1_12' title="bbox 172 1605 1056 1654">
     <span class='ocr_line' id='line_1_23' title="bbox 172 1605 1056 1654; baseline 0 -11"><span class='ocrx_word' id='word_1_143' title='bbox 172 1605 315 1654; x_wconf 78' lang='lat' dir='ltr'>expuit,</span> <span class='ocrx_word' id='word_1_144' title='bbox 345 1605 488 1644; x_wconf 85' lang='lat' dir='ltr'>Albani</span> <span class='ocrx_word' id='word_1_145' title='bbox 516 1605 652 1644; x_wconf 89' lang='lat' dir='ltr'>veteris</span> <span class='ocrx_word' id='word_1_146' title='bbox 681 1605 849 1654; x_wconf 88' lang='lat' dir='ltr'>pretiosa</span> <span class='ocrx_word' id='word_1_147' title='bbox 878 1613 1056 1644; x_wconf 88' lang='lat' dir='ltr'>senectus</span> 
     </span>
    </p>

    <p class='ocr_par' dir='ltr' id='par_1_13' title="bbox 172 1669 1354 1782">
     <span class='ocr_line' id='line_1_24' title="bbox 172 1669 1354 1719; baseline -0.002 -11"><span class='ocrx_word' id='word_1_148' title='bbox 172 1671 372 1719; x_wconf 81' lang='lat' dir='ltr'>displicet3</span> <span class='ocrx_word' id='word_1_149' title='bbox 401 1671 582 1708; x_wconf 82' lang='lat' dir='ltr'>ostendas</span> <span class='ocrx_word' id='word_1_150' title='bbox 610 1669 758 1716; x_wconf 87' lang='lat' dir='ltr'>melius,</span> <span class='ocrx_word' id='word_1_151' title='bbox 789 1669 1017 1707; x_wconf 87' lang='lat' dir='ltr'>densissima</span> <span class='ocrx_word' id='word_1_152' title='bbox 1044 1682 1137 1718; x_wconf 85' lang='lat' dir='ltr'>ruga</span> <span class='ocrx_word' id='word_1_153' title='bbox 1284 1683 1354 1719; x_wconf 84' lang='lat'>215</span> 
     </span>
     <span class='ocr_line' id='line_1_25' title="bbox 172 1732 1182 1782; baseline -0.001 -11"><span class='ocrx_word' id='word_1_154' title='bbox 172 1733 321 1782; x_wconf 81' lang='lat' dir='ltr'>cogitur</span> <span class='ocrx_word' id='word_1_155' title='bbox 348 1733 387 1771; x_wconf 90' lang='lat' dir='ltr'>in</span> <span class='ocrx_word' id='word_1_156' title='bbox 416 1734 592 1780; x_wconf 88' lang='lat' dir='ltr'>frontem,</span> <span class='ocrx_word' id='word_1_157' title='bbox 623 1734 728 1771; x_wconf 91' lang='lat' dir='ltr'>velut</span> <span class='ocrx_word' id='word_1_158' title='bbox 756 1732 834 1770; x_wconf 90' lang='lat' dir='ltr'>acri</span> <span class='ocrx_word' id='word_1_159' title='bbox 862 1733 979 1770; x_wconf 89' lang='lat' dir='ltr'>ducta</span> <span class='ocrx_word' id='word_1_160' title='bbox 1008 1734 1182 1770; x_wconf 82' lang='lat' dir='ltr'>Falerno.</span> 
     </span>
    </p>

    <p class='ocr_par' dir='ltr' id='par_1_14' title="bbox 171 1796 1170 1845">
     <span class='ocr_line' id='line_1_26' title="bbox 171 1796 1170 1845; baseline 0 -11"><span class='ocrx_word' id='word_1_161' title='bbox 171 1805 286 1836; x_wconf 89' lang='lat' dir='ltr'>nocte</span> <span class='ocrx_word' id='word_1_162' title='bbox 314 1798 471 1836; x_wconf 88' lang='lat' dir='ltr'>brevem</span> <span class='ocrx_word' id='word_1_163' title='bbox 499 1797 530 1835; x_wconf 85' lang='lat' dir='ltr'>si</span> <span class='ocrx_word' id='word_1_164' title='bbox 558 1799 656 1835; x_wconf 87' lang='lat' dir='ltr'>forte</span> <span class='ocrx_word' id='word_1_165' title='bbox 684 1796 843 1834; x_wconf 84' lang='lat' dir='ltr'>indulsit</span> <span class='ocrx_word' id='word_1_166' title='bbox 871 1809 963 1834; x_wconf 86' lang='lat' dir='ltr'>cura</span> <span class='ocrx_word' id='word_1_167' title='bbox 990 1809 1170 1845; x_wconf 87' lang='lat' dir='ltr'>soporem</span> 
     </span>
    </p>

    <p class='ocr_par' dir='ltr' id='par_1_15' title="bbox 171 1859 1159 1973">
     <span class='ocr_line' id='line_1_27' title="bbox 171 1859 1159 1908; baseline -0.002 -9"><span class='ocrx_word' id='word_1_168' title='bbox 171 1868 209 1899; x_wconf 91' lang='lat' dir='ltr'>et</span> <span class='ocrx_word' id='word_1_169' title='bbox 237 1867 320 1899; x_wconf 89' lang='lat' dir='ltr'>toto</span> <span class='ocrx_word' id='word_1_170' title='bbox 348 1868 496 1899; x_wconf 82' lang='lat' dir='ltr'>versata</span> <span class='ocrx_word' id='word_1_171' title='bbox 524 1868 609 1898; x_wconf 90' lang='lat' dir='ltr'>toro</span> <span class='ocrx_word' id='word_1_172' title='bbox 637 1860 714 1898; x_wconf 87' lang='lat' dir='ltr'>iam</span> <span class='ocrx_word' id='word_1_173' title='bbox 743 1860 917 1898; x_wconf 91' lang='lat' dir='ltr'>membra</span> <span class='ocrx_word' id='word_1_174' title='bbox 945 1859 1159 1908; x_wconf 85' lang='lat' dir='ltr'>quiescunt,</span> 
     </span>
     <span class='ocr_line' id='line_1_28' title="bbox 171 1923 1112 1973; baseline 0.001 -13"><span class='ocrx_word' id='word_1_175' title='bbox 171 1923 357 1961; x_wconf 86' lang='lat' dir='ltr'>continuo</span> <span class='ocrx_word' id='word_1_176' title='bbox 387 1925 576 1973; x_wconf 82' lang='lat' dir='ltr'>templum</span> <span class='ocrx_word' id='word_1_177' title='bbox 606 1931 643 1962; x_wconf 89' lang='lat' dir='ltr'>et</span> <span class='ocrx_word' id='word_1_178' title='bbox 671 1923 803 1961; x_wconf 84' lang='lat' dir='ltr'>violati</span> <span class='ocrx_word' id='word_1_179' title='bbox 831 1923 1000 1961; x_wconf 87' lang='lat' dir='ltr'>numinis</span> <span class='ocrx_word' id='word_1_180' title='bbox 1029 1937 1112 1961; x_wconf 89' lang='lat' dir='ltr'>aras</span> 
     </span>
    </p>

    <p class='ocr_par' dir='ltr' id='par_1_16' title="bbox 171 1987 1354 2038">
     <span class='ocr_line' id='line_1_29' title="bbox 171 1987 1354 2038; baseline 0.001 -12"><span class='ocrx_word' id='word_1_181' title='bbox 171 1996 218 2036; x_wconf 86' lang='lat' dir='ltr'>et,</span> <span class='ocrx_word' id='word_1_182' title='bbox 250 1989 357 2037; x_wconf 89' lang='lat' dir='ltr'>quod</span> <span class='ocrx_word' id='word_1_183' title='bbox 386 1988 601 2038; x_wconf 78' lang='lat' dir='ltr'>praecipuis</span> <span class='ocrx_word' id='word_1_184' title='bbox 630 1995 801 2027; x_wconf 88' lang='lat' dir='ltr'>mentem</span> <span class='ocrx_word' id='word_1_185' title='bbox 830 1987 1035 2026; x_wconf 84' lang='lat' dir='ltr'>sudoribus</span> <span class='ocrx_word' id='word_1_186' title='bbox 1064 1995 1209 2038; x_wconf 86' lang='lat' dir='ltr'>urguet,</span> <span class='ocrx_word' id='word_1_187' title='bbox 1280 2003 1354 2027; x_wconf 91' lang='lat'>220</span> 
     </span>
    </p>
   </div>
   <div class='ocr_carea' id='block_1_3' title="bbox 170 2086 1353 2228">
    <p class='ocr_par' dir='ltr' id='par_1_17' title="bbox 170 2086 1353 2228">
     <span class='ocr_line' id='line_1_30' title="bbox 233 2086 1353 2129; baseline 0.002 -11"><span class='ocrx_word' id='word_1_188' title='bbox 233 2089 294 2118; x_wconf 79' lang='lat'>208</span> <span class='ocrx_word' id='word_1_189' title='bbox 318 2088 387 2118; x_wconf 87' lang='lat' dir='ltr'>sola</span> <span class='ocrx_word' id='word_1_190' title='bbox 404 2100 447 2119; x_wconf 79' lang='lat' dir='ltr'>w:</span> <span class='ocrx_word' id='word_1_191' title='bbox 472 2098 567 2118; x_wconf 81' lang='lat' dir='ltr'>saeva</span> <span class='ocrx_word' id='word_1_192' title='bbox 583 2089 615 2119; x_wconf 87' lang='lat' dir='ltr'><em>P</em></span> <span class='ocrx_word' id='word_1_193' title='bbox 632 2086 636 2129; x_wconf 78' lang='grc' dir='ltr'>Ι</span> <span class='ocrx_word' id='word_1_194' title='bbox 655 2088 806 2128; x_wconf 84' lang='lat' dir='ltr'>voluptas</span> <span class='ocrx_word' id='word_1_195' title='bbox 822 2088 856 2118; x_wconf 83' lang='lat' dir='ltr'><em>P</em></span> <span class='ocrx_word' id='word_1_196' title='bbox 873 2086 876 2128; x_wconf 91' lang='grc' dir='ltr'>Ι</span> <span class='ocrx_word' id='word_1_197' title='bbox 897 2097 959 2119; x_wconf 81' lang='lat'>210</span> <span class='ocrx_word' id='word_1_198' title='bbox 982 2093 1120 2129; x_wconf 83' lang='lat' dir='ltr'>cognata</span> <span class='ocrx_word' id='word_1_199' title='bbox 1135 2089 1168 2119; x_wconf 79' lang='lat' dir='ltr'><em>P</em></span> <span class='ocrx_word' id='word_1_200' title='bbox 1185 2086 1189 2129; x_wconf 91' lang='grc' dir='ltr'>Ι</span> <span class='ocrx_word' id='word_1_201' title='bbox 1210 2098 1271 2128; x_wconf 80' lang='lat'>213</span> <span class='ocrx_word' id='word_1_202' title='bbox 1296 2089 1353 2121; x_wconf 89' lang='lat' dir='ltr'>Se-</span> 
     </span>
     <span class='ocr_line' id='line_1_31' title="bbox 170 2141 1347 2187; baseline -0.001 -13"><span class='ocrx_word' id='word_1_203' title='bbox 170 2144 237 2175; x_wconf 85' lang='lat' dir='ltr'>tina</span> <span class='ocrx_word' id='word_1_204' title='bbox 260 2144 409 2174; x_wconf 74' lang='lat' dir='ltr'>Herelius</span> <span class='ocrx_word' id='word_1_205' title='bbox 434 2143 568 2181; x_wconf 67' lang='lat' dir='ltr'>(Klotzii</span> <span class='ocrx_word' id='word_1_206' title='bbox 589 2148 647 2174; x_wconf 78' lang='lat' dir='ltr'>act.</span> <span class='ocrx_word' id='word_1_207' title='bbox 674 2143 736 2175; x_wconf 76' lang='lat' dir='ltr'>litt.</span> <span class='ocrx_word' id='word_1_208' title='bbox 764 2143 809 2173; x_wconf 91' lang='lat' dir='ltr'>II</span> <span class='ocrx_word' id='word_1_209' title='bbox 820 2148 855 2184; x_wconf 76' lang='lat' dir='ltr'>p.</span> <span class='ocrx_word' id='word_1_210' title='bbox 879 2153 937 2183; x_wconf 81' lang='lat'>113</span> <span class='ocrx_word' id='word_1_211' title='bbox 953 2141 1038 2183; x_wconf 82' lang='lat' dir='ltr'>sq.):</span> <span class='ocrx_word' id='word_1_212' title='bbox 1064 2143 1121 2174; x_wconf 87' lang='lat' dir='ltr'>sed</span> <span class='ocrx_word' id='word_1_213' title='bbox 1143 2143 1219 2174; x_wconf 87' lang='lat' dir='ltr'>vina</span> <span class='ocrx_word' id='word_1_214' title='bbox 1242 2144 1322 2174; x_wconf 68' lang='lat' dir='ltr'>Psw</span> <span class='ocrx_word' id='word_1_215' title='bbox 1343 2148 1347 2187; x_wconf 81' lang='grc' dir='ltr'>Ι</span> 
     </span>
     <span class='ocr_line' id='line_1_32' title="bbox 172 2196 427 2228; baseline -0.004 0"><span class='ocrx_word' id='word_1_216' title='bbox 172 2196 232 2228; x_wconf 71' lang='lat'>216</span> <span class='ocrx_word' id='word_1_217' title='bbox 258 2197 378 2227; x_wconf 75' lang='lat' dir='ltr'>fontem</span> <span class='ocrx_word' id='word_1_218' title='bbox 395 2198 427 2227; x_wconf 79' lang='lat' dir='ltr'><em>P</em></span> 
     </span>
    </p>
   </div>
  </div>
 </body>
</html>
