1458 2476
606 188 714 224 XIII
1192 198 1235 233 13

55 275 263 314 caesariem
293 282 330 313 et
358 274 518 313 madido
548 282 795 324 torquentem
825 287 969 313 cornua
997 274 1123 314 cirro?
1165 277 1234 324 165

53 353 194 389 nempe
223 340 330 388 quod
359 339 455 376 haec
482 338 555 376 illis
583 347 719 376 natura
747 346 804 377 est
833 338 1014 377 omnibus
1042 352 1129 376 una.

55 405 105 442 ad
134 404 278 443 subitas
307 405 503 441 Thracum
531 404 706 442 volucres
735 403 960 452 nubemque
988 415 1168 441 sonoram

54 469 268 517 Pygmaeus
297 466 421 516 parvis
450 466 565 504 currit
592 467 754 505 bellator
781 466 820 504 in
849 466 973 514 armis,

53 545 146 570 mox
173 531 297 580 impar
324 531 426 570 hosti
453 539 662 581 raptusque
690 544 758 581 per
785 544 874 569 aera
902 531 1025 569 curvis

56 595 249 646 unguibus
277 609 300 634 a
328 609 441 634 saeva
468 597 586 634 fertur
612 609 715 646 grue.
747 595 778 634 si
806 594 938 634 videas
966 596 1042 633 hoc
1166 608 1239 643 170

56 660 234 710 gentibus
263 659 302 698 in
331 660 481 708 nostris,
510 660 587 698 risu
617 660 789 709 quatiare
802 673 814 707 3
841 660 910 698 sed
939 659 1025 707 illic,

57 738 295 774 quamquam
323 726 461 764 eadem
490 725 643 763 assidue
671 732 893 774 spectentur
919 725 1075 774 proelia,
1105 725 1204 763 ridet

56 802 183 837 nemo,
215 788 281 828 ubi
309 796 391 827 tota
418 790 556 827 cohors
584 790 686 839 pede
714 802 794 827 non
823 796 881 827 est
909 789 1020 827 altior
1047 801 1136 827 uno.

111 855 279 891 Nullane
306 853 448 903 periuri
477 852 612 902 capitis
641 853 864 902 fraudisque
891 853 1082 892 nefandae

56 931 184 968 poena
204 918 301 957 erit?
328 918 531 967 abreptum
551 918 665 956 crede
684 917 790 955 hunc
807 916 980 967 graviore
1000 925 1137 956 catena
1169 927 1238 965 175

58 983 231 1033 protinus
260 991 298 1022 et
326 983 609 1032 nostro—quid
637 983 724 1032 plus
752 984 858 1021 velut
885 982 1145 1021 ira?—necari

58 1046 237 1085 arbitrio:
267 1053 398 1084 manet
425 1045 490 1083 illa
517 1052 648 1083 tamen
676 1045 831 1092 iactura,
862 1058 936 1083 nec
963 1058 1150 1094 umquam

58 1110 279 1161 depositum
307 1110 377 1149 tibi
405 1123 538 1159 sospes
567 1109 648 1157 erit,
678 1111 748 1148 sed
777 1123 938 1159 corpore
967 1117 1104 1148 trunco

59 1175 249 1214 invidiosa
277 1175 384 1213 dabit
411 1173 595 1212 minimus
624 1174 768 1213 solacia
795 1174 959 1224 sanguis.

61 1243 116 1278 ‘at
143 1239 315 1277 vindicta
341 1239 490 1277 bonum
517 1238 596 1277 vita
622 1238 829 1278 iucundius
857 1238 963 1289 ipsa?
1172 1243 1244 1278 180

60 1316 203 1353 nempe
230 1304 307 1341 hoc
334 1302 494 1350 indocti,
525 1316 691 1353 quorum
720 1305 945 1353 praecordia
973 1304 1086 1343 nullis

60 1369 255 1407 interdum
283 1375 349 1406 aut
377 1367 525 1407 levibus
553 1368 684 1407 videas
713 1369 910 1419 flagrantia
938 1369 1086 1408 causis:

64 1430 436 1484 [quantulacumque
464 1433 564 1471 adeo
593 1440 650 1471 est
679 1432 842 1481 occasio,
874 1433 1013 1472 sufficit
1041 1431 1148 1485 irae]

64 1496 303 1546 Chrysippus
332 1509 412 1534 non
441 1496 545 1534 dicet
573 1495 678 1535 idem
706 1510 779 1535 nec
806 1496 900 1536 mite
928 1498 1100 1536 Thaletis

63 1561 261 1612 ingenium
290 1561 475 1611 dulcique
503 1574 621 1600 senex
648 1562 796 1600 vicinus
827 1564 1029 1612 Hymetto,
1174 1565 1244 1613 185

63 1625 131 1675 qui
158 1633 307 1675 partem
336 1634 519 1675 acceptae
547 1639 661 1664 saeva
688 1626 786 1665 inter
812 1626 940 1664 vincla
967 1626 1116 1666 cicutae

63 1688 277 1729 accusatori
304 1691 425 1729 nollet
453 1691 554 1729 dare.
605 1689 786 1743 [plurima
813 1691 902 1730 felix

64 1755 251 1804 paulatim
278 1754 371 1793 vitia
397 1762 515 1805 atque
543 1768 687 1794 errores
715 1755 820 1794 exuit
848 1769 996 1803 omnes,

64 1818 188 1869 prima
215 1821 330 1858 docet
357 1828 506 1858 rectum
534 1818 750 1872 sapientia]
781 1820 924 1870 quippe
951 1821 1091 1859 minuti

66 1896 218 1933 semper
245 1891 284 1923 et
311 1883 452 1922 infirmi
481 1891 538 1923 est
566 1884 686 1923 animi
714 1885 919 1935 exiguique
947 1887 1125 1936 voluptas
1176 1899 1249 1935 190

66 1947 186 1987 ultio:
216 1948 403 1986 continuo
431 1947 487 1986 sic
514 1949 664 1999 collige,
695 1950 803 1999 quod
830 1950 1002 1988 vindicta

68 2025 184 2050 nemo
211 2012 332 2063 magis
361 2016 506 2064 gaudet
533 2027 651 2064 quam
670 2014 823 2053 femina.
855 2028 923 2053 cur
940 2022 1071 2054 tamen
1091 2017 1162 2054 hos
1183 2024 1224 2053 tu

138 2101 195 2134 168
219 2103 328 2143 paruis
348 2102 402 2145 Pl
426 2114 486 2145 174
508 2105 612 2147 peiuri
633 2105 691 2136 ΡΣ
708 2104 802 2146 Jahn
822 2103 828 2146 Ι
851 2104 910 2146 176
933 2106 989 2147 qui
1010 2105 1064 2147 ΡΙ
1088 2108 1144 2138 182
1167 2107 1251 2147 frag-

69 2156 169 2186 lantia
193 2154 248 2197 P}
269 2158 328 2197 183
365 2159 515 2189 occansio
538 2157 596 2199 Pl
617 2160 674 2199 187
710 2159 970 2201 plurima—189
1001 2160 1161 2201 sapientia
1188 2161 1246 2192 del.

73 2210 207 2241 Guietus
226 2208 232 2250 Ι
254 2220 313 2252 190
336 2217 368 2242 et
382 2222 444 2242 om.
460 2213 496 2243 P
