1458 2476
509 146 611 184 XIV
666 144 855 182 315—319
1209 156 1280 191 143

156 233 216 261 315
241 238 377 262 NUMEN
401 238 517 261 HABES
536 231 597 262 Ov.
618 230 686 261 f.11
704 229 765 270 642
784 235 817 260 to
834 228 1009 260 Terminus
1032 228 1072 259 ab
1090 228 1235 269 antiquis
1249 233 1285 259 tu

91 284 212 314 quoque
227 284 367 304 numen
384 274 516 304 habes.

156 320 214 346 315
239 320 297 347 316
321 325 389 348 NOS
413 325 460 347 TE
489 325 555 348 Nos
582 324 744 347 FACIMUS
773 322 877 346 DEAM
904 314 1083 345 Manil.1v
1105 312 1231 355 926—8
1249 324 1288 344 ne

89 359 208 390 dubztes
224 359 351 390 lcomzm'
363 360 488 390 divinos
503 360 623 390 credere
637 360 744 390 vi:szts
762 358 767 399 Ι
788 359 854 389 iam
872 358 966 389 facit
983 359 1046 398 ipse
1061 357 1155 388 deos
1173 357 1284 387 mz'ttzt-

88 412 149 442 que
161 402 208 432 ad
219 403 323 432 sidera
341 413 460 433 numen
483 401 486 443 Ι
507 403 625 433 maius.

154 448 213 476 316
238 453 417 476 MENSURA
434 446 519 476 Hor.
536 456 562 476 s.
580 453 592 475 I
613 455 625 476 1
649 453 751 485 73—5
755 469 762 476 .

153 491 212 519 317
237 496 341 519 EDAM
361 496 371 519 1
391 498 442 520 ¹21.

154 534 213 561 318
238 538 276 561 IN
301 539 488 567 QUANTUM
512 531 591 562 used
615 531 659 570 by
674 531 772 570 Verg.
795 529 867 560 Liv.
890 529 1111 569 (Heerwagen
1135 538 1178 558 on
1202 535 1284 559 XXII

89 580 126 611 ‘27
144 574 160 611 ἓ
178 574 209 612 4)
227 574 291 604 and
309 574 390 605 later
407 575 529 605 writers
546 574 652 604 where
670 574 786 604 Cicero
802 572 911 603 would
940 583 996 612 say
1012 577 1184 612 quantum.
1240 571 1285 602 So

87 616 156 646 also
181 618 216 647 in
240 620 369 647 tanlmn
394 618 456 648 Ov.
485 628 528 647 m.
557 625 594 647 XI
624 625 673 656 71.
720 616 804 647 Plin.
825 626 899 657 pan.
929 616 969 655 83
986 617 1002 653 ἓ
1020 616 1037 645 8
1060 615 1227 653 maritum,
1246 614 1285 645 in

87 664 279 699 quantum
289 660 423 699 patitur
437 670 538 697 sexus,
556 661 710 691 imz'telm'.

152 709 192 732 IN
224 710 412 738 QUANTUM
438 711 527 734 SITlS
551 711 675 739 ATQUE
700 709 818 733 FAMES
851 709 896 732 ET
927 708 1088 731 FRIGORA
1119 707 1285 731 POSCUNT

88 744 225 785 Py.thag
247 745 281 775 in
299 746 456 786 Porphy.r
475 757 526 786 ep.
546 746 587 776 ad
607 745 753 775 Marcell.
776 755 816 785 30
834 755 950 783 σαρκος
966 742 1054 781 φωνὴ
1077 742 1126 781 μή
1151 743 1285 779 πεινῆν

85 786 134 824 μή
161 787 278 827 διψῆν
304 799 352 826 μη
375 787 522 828 ῥιγοῦν.
569 789 712 819 Aristox.
732 788 765 818 in
792 788 873 818 Ath.
891 785 1008 827 46ny
1012 787 1190 827 thagorean
1217 786 1284 816 diet

85 830 186 861 bread
203 831 268 861 and
291 831 410 871 hone).
458 832 552 863 Stob.
571 831 602 861 fl.
622 839 712 862 XCIII
737 832 776 861 28
801 831 967 866 Sokraoes,
984 830 1080 860 when
1103 829 1284 860 Archelaos

84 872 209 904 invited
226 874 295 904 him
312 879 345 905 to
361 875 412 905 his
428 880 529 912 court,
550 874 685 914 offering
703 880 736 904 to
754 874 851 904 make
868 874 935 903 him
953 873 1031 908 rich,
1049 872 1173 913 replied
1189 884 1196 903 :
1218 873 1226 888 ‘
1238 873 1284 902 At

86 916 215 947 Athens
232 928 252 955 4
269 917 442 948 choenices
458 918 494 948 os
506 918 618 957 barley
636 917 721 948 meal
738 916 798 947 sell
815 917 863 947 for
879 927 920 946 an
937 916 1014 946 obol
1031 916 1095 946 and
1118 915 1209 946 there
1229 925 1285 945 are

84 958 249 990 fountains
276 960 312 990 of
333 961 475 1000 running
502 961 625 991 water.’
673 960 787 991 Siwon
814 959 847 989 in
873 959 966 991 Stob.
989 958 1021 989 fl.
1052 966 1132 989 XVII
1155 968 1187 988 11
1207 958 1282 996 μέμ-

84 1013 161 1038 νησο
188 1003 294 1039 μέντοι
319 1002 432 1040 λιμοῦ
459 1005 520 1033 καὶ
547 1005 669 1043 δίψης·
695 1000 796 1032 ταῦτα
823 1003 886 1041 γὰρ
913 1003 1042 1032 δύναται
1064 1002 1195 1039 μεγάλα
1221 1002 1284 1032 τοῖς

84 1047 291 1083 σωφροσύνην
319 1044 471 1077 διώκουσι.
522 1046 598 1077 Sen.
631 1056 681 1086 ep.
710 1057 729 1085 4
754 1047 770 1083 ἓ
792 1047 810 1076 8
838 1046 889 1076 lex
911 1049 1019 1075 antem
1046 1044 1105 1075 illa
1132 1048 1278 1079 naturae,

81 1088 140 1118 scis
154 1099 230 1128 quos
245 1089 333 1118 nobis
347 1090 500 1119 terminos
514 1089 656 1119 statuit?
682 1099 761 1118 non
777 1099 842 1119 esu
852 1088 938 1124 rire,
964 1098 1039 1118 non
1061 1087 1184 1124 sitire,
1203 1097 1282 1117 non

82 1131 339 1171 algere....uozz
355 1136 398 1161 est
413 1142 527 1162 necesse
542 1131 665 1162 maria
689 1136 884 1171 temptare
909 1131 987 1169 [ver.
1012 1129 1196 1170 267—302]
1212 1140 1283 1160 nec

82 1174 193 1214 sequi
225 1180 355 1205 castra
390 1175 467 1213 [ver.
503 1175 659 1214 193—S]:
693 1174 879 1214 parabile
911 1178 971 1204 est
1004 1173 1108 1214 quod
1144 1178 1283 1203 natura

82 1216 288 1247 desiderat
312 1222 348 1247 et
372 1217 611 1258 adpositum.
659 1218 675 1254 ἓ
701 1227 734 1247 11
762 1217 809 1247 ad
833 1226 1082 1257 supervacua
1106 1216 1281 1246 sudatur.

81 1259 140 1288 illa
163 1263 249 1297 smzl,
276 1270 357 1300 qnae
378 1265 482 1299 togam
505 1263 684 1297 conterunt,
711 1270 792 1299 quae
814 1270 871 1290 nos
893 1269 1044 1289 senescere
1065 1259 1123 1289 sub
1149 1259 1282 1289 tentorio

81 1307 206 1342 cogunt,
226 1313 307 1343 qnae
325 1303 361 1333 in
383 1304 489 1333 aliena
512 1303 605 1333 litora
628 1303 828 1343 impingunt:
851 1303 897 1333 ad
910 1312 1047 1332 manum
1063 1306 1114 1339 est,
1135 1302 1220 1342 quod
1231 1306 1283 1332 sat

80 1350 133 1376 est.
183 1345 226 1376 ib.
249 1355 308 1385 119
324 1347 340 1384 ἓ
359 1355 374 1385 7
400 1350 454 1376 ‘at
468 1351 594 1386 parum
617 1346 715 1383 habet,
741 1346 801 1386 qm'
819 1349 949 1376 tantum
971 1355 1036 1375 non
1061 1345 1180 1385 alget,
1205 1355 1280 1375 non

82 1388 215 1426 esurit,
242 1399 319 1419 non
343 1388 453 1419 sitit!
494 1389 571 1429 plus
591 1389 738 1429 luppiter
761 1399 826 1418 non
851 1389 950 1418 habet.
996 1388 1038 1418 id.
1060 1388 1101 1418 ad
1121 1387 1220 1418 Helv.
1244 1396 1281 1417 10

81 1432 97 1468 ἓ
125 1440 140 1460 2
168 1432 307 1471 corporis
332 1432 446 1472 exigua
470 1432 622 1462 desideria
648 1436 746 1462 sunt:
783 1431 910 1471 frigus
934 1430 1159 1461 submoveri
1183 1431 1275 1467 vult,

81 1473 284 1505 alimentis
301 1474 439 1505 famem
456 1485 498 1505 ae
515 1474 623 1505 sitim
640 1474 915 1514 exstinguere:
931 1474 1091 1515 qm'cz'quz'd
1102 1477 1192 1504 extra
1208 1484 1278 1504 cotz-

79 1517 262 1556 cnpz'scitur,
282 1517 381 1554 vitiis,
402 1528 467 1547 non
484 1518 592 1547 usibus
605 1517 782 1547 laboratur.

146 1563 204 1590 319
228 1568 427 1596 QUANTUM,
453 1568 623 1597 EPICURE,
650 1567 725 1590 TIBI
749 1567 926 1590 SUFFECIT
951 1559 1113 1600 Epicurus
1129 1559 1163 1589 in
1181 1559 1274 1590 Stob.

81 1601 112 1631 fl.
132 1609 212 1632 XVII
232 1612 269 1641 23
290 1613 340 1642 24.
366 1614 406 1643 34
432 1604 558 1643 βρυάζω
579 1604 624 1641 τῷ
644 1602 727 1633 κατα)
747 1603 783 1632 τὸ
803 1603 960 1639 σωμάτιον
977 1603 1053 1639 ἡδεῖ,
1079 1601 1194 1632 ὕδατι
1216 1603 1279 1632 καὶ

81 1644 182 1683 ἄρτῳ
205 1647 413 1684 χρώμενος,
442 1648 492 1676 καὶ
510 1648 684 1683 προσπτύω
701 1646 766 1677 ταῖς
780 1646 815 1675 ἐκ
832 1647 1037 1676 πολυτελείας
1055 1645 1187 1682 ἡδοναῖς.
1224 1654 1272 1685 37.

81 1687 156 1718 DL.
174 1690 230 1726 X§
251 1699 310 1728 130
333 1689 416 1719 οἵτε
438 1690 519 1719 λιτοὶ
546 1689 640 1727 χυλοὶ
664 1689 734 1725 ἴσην
760 1689 930 1718 πολυτελεῖ
954 1689 1059 1726 διαίτῃ
1081 1690 1140 1726 τὴν
1163 1688 1278 1725 ἡδονὴν

80 1732 327 1770 προσφέρουσιν,
351 1733 428 1762 ὅταν
445 1733 532 1762 ἅπαν
552 1733 588 1762 τὸ
611 1732 730 1770 ἀλγοῦν
752 1730 822 1762 κατ’
844 1732 962 1761 ἔνδειαν
983 1729 1138 1770 ἐξαιρεθῇ.
1182 1732 1199 1769 ἓ
1219 1741 1274 1770 131

80 1775 132 1803 καὶ
155 1775 253 1811 μάζα
284 1775 344 1804 καὶ
372 1774 467 1814 ὕδωρ
493 1777 549 1812 τὴν
581 1774 758 1813 ἀκροτάτην
787 1775 977 1805 ἀποδίδωσιν
1002 1774 1123 1812 ἡδονήν,
1152 1772 1278 1804 ἐπειδὰν

80 1816 188 1846 ἐνδέων
204 1828 249 1847 τις
265 1817 344 1847 αὐτὰ
357 1818 621 1857 προσενέγκηται.
664 1818 700 1848 τὸ
717 1818 884 1857 συνεθίζειν
900 1818 952 1847 οὖν
969 1818 1008 1847 ἐν
1023 1818 1112 1847 ταῖς
1134 1816 1277 1848 ἁπλαῖς

79 1860 196 1889 καὶού
224 1860 464 1890 πολυτελέσι
493 1861 663 1891 διαίταις
693 1861 744 1890 καὶ
769 1860 886 1898 ὑγιείας
916 1861 983 1891 ἐστὶ
1012 1861 1277 1898 συμπληρωτικὸν

79 1904 129 1932 καὶ
147 1903 223 1940 πρὸς
238 1900 292 1934 τὰς
307 1904 482 1942 ἀναγκαίας
501 1903 558 1933 τοῦ
574 1904 644 1943 βίου
660 1904 789 1943 χρήσεις
803 1902 913 1933 ἄοκνον
928 1904 1012 1933 ποιεῖ
1029 1904 1083 1933 τὸν
1099 1902 1273 1942 ἄνθρωπον.

79 1945 218 1975 Diokles
239 1946 271 1976 in
288 1946 362 1976 DL.
381 1948 437 1984 X§
458 1956 491 1977 11
516 1946 675 1987 speaking
699 1946 736 1976 of
759 1947 819 1987 Ep.
838 1946 902 1976 and
930 1946 980 1977 his
1006 1945 1129 1977 friends
1158 1947 1275 1984 κοτύλῃ

77 1990 154 2026 γοῦν
170 1989 295 2018 οἰνιδίου
319 1989 477 2027 ἠρκοῦντο,
502 1991 538 2020 τὸ
562 1990 594 2020 δὲ
615 1990 680 2019 πᾶν
702 1988 795 2028 ὕδωρ
816 1988 854 2026 ἦν
871 1990 974 2020 αὐτοῖς
991 1989 1096 2020 ποτόν.
1145 1989 1187 2019 ib.
1207 1989 1269 2029 Ep.

77 2030 110 2061 in
127 2031 176 2061 his
193 2031 302 2062 letters
318 2032 476 2072 professes
500 2031 612 2062 ὕδατι
635 2033 727 2068 μόνον
745 2033 950 2071 ἀρκεῖσθαι
975 2033 1036 2062 καὶ
1060 2030 1158 2071 ἄρτῳ
1182 2032 1272 2069 λιτῷ.

78 2075 129 2104 καὶ
146 2077 153 2089 ‘
164 2073 291 2112 πέμψον
307 2086 358 2111 μοι
368 2075 472 2113 τύρου’
492 2075 571 2113 φησί
589 2078 596 2092 ⁴
608 2076 754 2111 Κυθνίου,
769 2074 805 2104 ἵν’
817 2076 892 2105 ὅταν
904 2076 1066 2114 βούλωμαι
1082 2074 1272 2104 πολυτελεύ-

78 2117 197 2146 σασθαι
208 2115 365 2153 δύνωμαι.’
390 2118 433 2148 ib.
447 2119 463 2155 ξ
479 2128 514 2149 12
527 2118 716 2148 Athenaeus
733 2122 806 2158 puts
823 2117 891 2148 into
908 2118 957 2148 his
973 2118 1087 2148 mouth
1101 2118 1155 2149 the
1167 2118 1273 2148 words

77 2160 133 2190 τᾶς
157 2158 265 2198 φύσιος
288 2159 314 2191 δ’
337 2161 353 2192 ὁ
375 2162 511 2192 πλοῦτος
526 2162 596 2200 ὅρον
611 2158 679 2191 τινὰ.
700 2161 791 2201 βαιὸν
812 2161 948 2200 ἐπίσχει.
996 2161 1070 2193 Sen.
1092 2171 1143 2203 ep.
1168 2161 1205 2192 18
1220 2162 1236 2201 ξ
1253 2170 1271 2202 9
