1458 2476
617 199 716 238 XIV
1210 214 1255 240 21-

77 282 232 322 alterius
260 284 451 322 conchem
479 280 614 322 aestivi
642 297 732 322 cum
765 291 873 334 parte
905 284 1035 324 lacerti

76 346 265 396 signatam
293 347 355 385 vel
387 346 550 385 dimidio
583 347 764 397 putrique
796 346 926 394 siluro,

77 412 218 460 filaque
248 411 382 450 sectivi
416 419 618 450 numerata
651 411 852 450 includere
885 411 1006 462 porri:

75 475 256 513 invitatus
283 476 334 513 ad
364 476 461 514 haec
485 476 624 525 aliquis
653 476 703 514 de
731 484 852 526 ponte
880 476 1048 526 negabit.

75 539 143 577 sed
174 552 253 588 quo
283 539 436 578 divitias
465 541 562 578 haec
589 553 659 590 per
686 547 880 580 tormenta
908 549 1078 587 coactas,
1185 554 1255 592 135

75 616 163 641 cum
190 604 294 642 furor
316 605 419 642 haud
444 604 596 651 dubius,
625 617 715 642 cum
741 604 789 643 sit
815 605 1020 644 manifesta
1044 606 1256 657 phrenesis,

76 676 116 704 ut
149 668 321 716 locuples
350 666 533 714 moriaris,
565 668 712 717 egentis
740 668 868 707 vivere
897 670 1004 708 fato?

78 731 223 769 interea
253 733 370 781 pleno
397 744 487 769 cum
516 739 641 781 turget
670 733 845 771 sacculus
873 746 951 781 ore,

74 795 209 833 crescit
234 808 344 833 amor
370 795 531 843 nummi,
561 804 751 845 quantum
777 797 860 846 ipsa
881 796 1048 847 pecunia
1075 797 1204 845 crevit,

74 867 112 898 et
132 859 259 898 minus
278 861 379 898 hanc
399 867 508 909 optat
526 860 592 909 qui
612 873 692 898 non
712 861 840 898 habet.
881 874 971 911 ergo
989 870 1145 911 paratur
1186 876 1258 908 140

74 925 196 962 altera
221 924 312 962 villa
340 924 419 971 tibi,
455 937 545 962 cum
574 938 636 962 rus
666 937 745 963 non
775 925 914 963 sufficit
942 939 1077 973 unum,

75 995 112 1026 et
140 988 307 1037 proferre
335 988 430 1026 libet
463 989 559 1025 fines
590 987 790 1037 maiorque
820 989 973 1027 videtur

74 1062 112 1091 et
141 1053 279 1090 melior
307 1051 434 1090 vicina
464 1065 592 1102 seges:
620 1053 799 1091 mercaris
833 1061 870 1092 et
903 1054 1004 1092 hanc
1035 1063 1072 1094 et

75 1119 229 1156 arbusta
257 1125 295 1156 et
324 1117 446 1155 densa
474 1123 651 1154 montem
680 1116 746 1165 qui
775 1124 889 1156 canet
918 1117 1030 1156 oliva.

73 1196 237 1233 quorum
269 1181 300 1220 si
332 1182 456 1232 pretio
487 1181 670 1220 dominus
699 1194 780 1219 non
810 1181 976 1220 vincitur
1003 1184 1095 1230 ullo,
1185 1197 1254 1234 145

73 1255 188 1286 nocte
218 1248 340 1285 boves
370 1246 489 1284 macri
520 1247 702 1295 lassoque
731 1246 910 1284 famelica
942 1247 1045 1285 collo

74 1311 248 1349 iumenta
281 1311 332 1348 ad
355 1309 496 1348 virides
524 1309 638 1347 huius
666 1308 870 1347 mittentur
896 1309 1040 1358 aristas,

73 1387 145 1412 nec
173 1373 277 1423 prius
306 1372 397 1412 inde
424 1373 598 1420 domum,
625 1385 743 1422 quam
770 1379 853 1411 tota
878 1373 1033 1411 novalia
1066 1386 1203 1412 saevos
1255 1364 1258 1366 ¹

73 1438 111 1476 in
141 1446 294 1476 ventres
323 1439 476 1484 abeant,
507 1445 550 1475 ut
577 1438 712 1475 credas
741 1436 904 1475 falcibus
932 1444 1074 1475 actum.

73 1502 202 1540 dicere
229 1502 293 1539 vix
320 1501 455 1551 possis,
486 1514 604 1550 quam
634 1501 747 1539 multi
780 1501 871 1539 talia
899 1502 1056 1551 plorent
1184 1515 1256 1552 150

73 1573 111 1603 et
139 1572 235 1614 quot
263 1566 418 1603 venales
447 1564 586 1602 iniuria
612 1565 745 1603 fecerit
773 1577 896 1615 agros.

73 1631 142 1668 sed
170 1630 237 1679 qui
265 1642 474 1675 sermones,
505 1642 623 1678 quam
652 1630 791 1667 foedae
820 1629 964 1667 bucina
993 1630 1139 1669 famae!

75 1694 185 1743 ‘quid
213 1701 330 1732 nocet
349 1694 484 1732 haec?'
504 1693 629 1742 inquit
652 1693 841 1731 ‘tunicam
869 1694 965 1732 mihi
991 1695 1096 1734 malo
1118 1696 1253 1746 lupini,

72 1771 189 1807 quam
218 1758 250 1795 si
278 1771 341 1796 me
369 1765 452 1796 toto
481 1758 614 1795 laudet
642 1757 782 1795 vicinia
809 1771 911 1807 pago

73 1822 197 1871 exigui
224 1822 320 1860 ruris
347 1822 578 1871 paucissima
606 1823 703 1859 farra
731 1824 952 1862 secantem.’
1182 1838 1250 1875 155

73 1887 222 1926 scilicet
251 1895 290 1926 et
317 1887 462 1925 morbis
491 1894 530 1926 et
558 1887 758 1925 debilitate
786 1887 934 1926 carebis

73 1958 110 1988 et
138 1951 285 1989 luctum
314 1958 353 1989 et
380 1963 512 1988 curam
541 1950 700 2000 effugies
729 1957 768 1989 et
795 1957 972 2000 tempora
998 1950 1101 1989 vitae

72 2015 189 2064 longa
215 2014 284 2053 tibi
312 2015 475 2064 posthac
503 2015 582 2052 fato
611 2014 771 2052 meliore
800 2015 1007 2062 dabuntur,

138 2111 192 2141 131
226 2102 380 2133 aestivam
411 2102 466 2143 Pl
488 2112 546 2142 134
576 2103 706 2142 negavit
736 2100 790 2143 Pl
814 2100 872 2141 136
901 2106 957 2133 aut
987 2100 1041 2143 Pl
1066 2111 1123 2144 139
1153 2104 1253 2134 crevit

71 2157 154 2187 PS‘:
177 2155 289 2187 crescit
304 2161 357 2196 pm
376 2154 381 2197 l
404 2164 457 2195 151
484 2156 572 2197 quod
595 2156 645 2186 P:
669 2161 748 2196 quot
758 2160 809 2196 pm
829 2154 833 2197 l
857 2165 912 2195 152
938 2156 1018 2197 quid
1039 2155 1094 2197 Pl
1113 2157 1206 2188 foede
1222 2158 1257 2188 P

71 2209 195 2251 Jahn:
218 2208 332 2240 foedae
349 2220 373 2239 ω
388 2208 500 2239 Herm.
522 2211 527 2250 l
551 2218 608 2251 153
625 2209 737 2250 lupina
753 2209 805 2240 P:
828 2208 931 2250 lupini
941 2214 1002 2250 pm.
