1458 2476
154 207 226 232 100
598 197 698 234 XIV
752 194 892 233 30—40

215 283 253 311 30
277 287 414 310 IMPLET
431 287 476 310 ET
493 287 517 310 x
537 290 593 311 122
611 292 641 311 n.

215 330 288 353 DAT
306 331 423 353 FERRE
441 323 524 353 Hor.
541 333 569 354 c.
587 331 600 353 1
618 322 656 353 26
675 333 690 354 2
695 334 712 364 3
729 324 1034 364 tradam...p0rtare.
1085 323 1201 354 Cicero
1226 324 1334 355 would

152 375 210 406 say
214 365 380 405 ferendas.

219 416 353 438 EISDEM
387 407 424 438 L.
457 407 579 438 Miiller
609 408 650 439 de
680 419 712 439 re
742 409 875 439 metrica
904 418 961 447 255
999 410 1006 423 ‘
1018 409 1049 439 in
1080 409 1261 449 compositu
1292 409 1335 439 le-

155 450 266 491 gitime
297 450 464 490 optinuere
495 451 581 480 idem
611 456 643 481 et
673 451 785 489 isdem,
819 452 1010 481 miraculosa
1039 457 1074 481 ut
1104 453 1169 482 sint
1200 452 1270 481 Iuv.
1302 452 1334 482 h.

155 493 175 524 l.
195 498 228 523 et
251 493 365 524 Claud.
382 492 415 523 in
431 493 522 524 Eutr.
541 501 552 523 Ι
570 504 630 534 412
647 504 709 524 ecce
723 505 827 525 recens
843 494 944 524 clades
961 494 1000 524 ab
1023 494 1168 524 eisdem
1186 494 1337 534 partibas

153 534 242 567 exit.'

218 585 388 608 CINAEDIS
404 585 442 608 IV
463 577 530 609 106.
577 578 648 609 The
665 589 752 609 same
768 579 918 609 cinaedus
938 584 1005 609 acts
1026 589 1061 609 as
1083 578 1287 619 go-between
1304 584 1337 609 to

153 620 208 651 the
224 621 381 661 daughter
396 621 460 651 and
477 621 533 651 her
549 631 729 662 paramonr,
749 622 822 652 who
838 622 902 652 had
918 632 998 652 once
1014 622 1126 652 served
1143 621 1197 652 the
1212 621 1334 652 mothe1

152 663 217 693 and
232 663 316 694 hers.

217 708 255 736 31
280 713 458 736 VELOCIUS
476 714 521 736 ET
544 714 661 736 CITIUS
679 714 706 736 11
725 715 763 745 34
781 706 862 737 iure
878 717 920 738 ac
936 706 1085 738 merito.
1135 705 1175 746 64
1191 717 1280 737 vera
1296 717 1337 737 ac

153 748 372 779 manifesta.
420 750 461 779 80
476 749 606 779 scabie
623 754 660 779 et
678 749 888 789 porrigine.

219 794 257 821 33
273 794 312 821 34
328 798 425 821 UNUS
444 799 488 821 ET
504 799 622 821 ALTER
639 789 828 821 SPERNANT
846 792 908 822 Ov.
926 801 1025 822 arnor.
1046 798 1072 821 11
1090 801 1106 830 5
1125 801 1163 822 22
1181 791 1341 831 compositi

154 833 282 864 iuvenes
298 844 392 863 unus
408 837 445 863 et
461 834 561 863 alter
577 844 668 864 eran
680 839 699 864 t.

217 879 256 906 35
286 883 450 906 MELIORE
474 884 572 907 LUTO
598 883 728 906 FINXIT
760 884 989 907 PRAECORDIA
1013 884 1124 906 TITAN
1153 884 1191 906 IV
1220 885 1277 915 133
1302 887 1333 908 Π.

152 926 192 948 VI
213 928 334 958 11—13
350 918 464 958 quippe
478 919 575 948 aliter
593 923 670 949 lunc
691 918 762 949 orbe
782 929 861 949 novo
879 920 1018 958 caeloque
1036 919 1151 949 recenti
1170 917 1173 960 Ι
1192 919 1340 949 vivebant

152 960 306 997 homines,
323 961 381 1002 qui
400 966 495 1000 rupto
517 961 623 992 robore
645 959 741 1002 nali}
759 962 953 1001 composilive
975 961 1057 992 luto
1081 962 1185 992 nullos
1207 961 1340 992 habuere

146 1008 304 1043 parentes.
355 1004 474 1035 Aesch.
494 1003 530 1034 fr.
559 1014 619 1043 373
643 1004 782 1044 D2359
802 1004 834 1034 N
860 1005 914 1034 τοῦ
938 1004 1221 1041 πηλοπλάστου
1244 1005 1336 1044 σπέρ-

153 1057 249 1083 ματος
266 1047 363 1083 θνητὴ
383 1047 475 1085 γυνὴ.
523 1046 622 1087 Soph.
652 1046 723 1077 OC.
750 1045 788 1086 56
812 1047 907 1076 Τιτὰν
926 1047 1115 1085 Προμηθεύς.
1165 1047 1248 1077 Hor.
1273 1057 1300 1077 c.
1325 1054 1337 1076 1

160 1087 194 1119 16
216 1088 457 1129 13—15s‘ertm‘
480 1089 731 1119 Prometheus
756 1090 868 1119 addere
889 1089 1058 1130 principi
1078 1088 1081 1128 Ι
1104 1089 1196 1119 limo
1218 1094 1338 1119 coactus

146 1132 345 1171 particulam
370 1132 510 1172 undique
527 1132 531 1170 Ι
551 1132 709 1163 desectam.
762 1132 856 1172 Prop.
879 1139 1005 1162 1v:111
1030 1142 1046 1171 5
1075 1140 1094 1172 9
1117 1142 1134 1161 o
1149 1132 1262 1171 prima
1285 1131 1335 1162 in-

158 1174 254 1204 felix
270 1174 439 1214 fingenti
463 1179 565 1205 terra
586 1174 831 1204 Prometheo.
878 1175 973 1205 Mart.
996 1182 1019 1204 x
1037 1184 1076 1214 39
1093 1187 1111 1213 4
1129 1174 1195 1204 osa
1210 1185 1336 1204 woman

157 1221 213 1247 too
241 1217 297 1247 old
329 1222 360 1247 to
385 1217 467 1247 have
493 1217 576 1247 been
606 1217 687 1247 born
711 1217 814 1247 under
836 1216 947 1247 Numa
977 1217 1072 1247 fieta
1105 1217 1337 1247 Prometheo

157 1259 269 1290 diceris
283 1269 342 1289 esse
354 1259 446 1290 luto.
495 1259 611 1290 Claud.
628 1259 661 1290 in
673 1260 763 1290 Eutr.
785 1267 811 1289 11
826 1259 886 1299 496
905 1259 1099 1290 deteriore
1112 1259 1193 1289 luto
1210 1264 1338 1298 pravus

154 1312 230 1341 quos
258 1301 398 1332 condidit
426 1307 545 1333 auctor.
595 1302 771 1332 Pausanias
803 1303 839 1340 (X
867 1314 885 1339 4
911 1303 925 1340 ἓ
953 1314 970 1339 4
981 1316 1008 1327 z
1019 1303 1049 1340 3)
1076 1312 1141 1332 was
1165 1302 1274 1332 shewn
1305 1308 1337 1333 at

155 1344 309 1385 Panopea
330 1344 364 1374 in
390 1344 511 1375 Phokis
535 1349 644 1375 stones
669 1344 706 1374 of
725 1345 780 1375 the
804 1344 913 1374 colour
939 1344 977 1374 of
997 1345 1075 1383 clay,
1098 1344 1250 1384 smelling
1272 1345 1336 1375 like

154 1385 257 1417 man’s
286 1387 368 1424 skin,
403 1387 539 1427 reputed
568 1388 661 1418 relies
685 1387 722 1418 of
747 1387 801 1419 the
829 1387 899 1427 clay
929 1386 965 1417 of
991 1387 1097 1418 which
1123 1387 1335 1418 Prometheus

154 1429 308 1460 moulded
324 1430 491 1460 mankind.

218 1475 256 1502 36
279 1482 345 1512 seq.
395 1472 471 1503 Sen.
489 1482 540 1513 ep.
558 1481 599 1512 94
615 1473 630 1510 ἓ
649 1481 687 1511 54
704 1482 768 1502 non
785 1472 861 1510 licet,
889 1472 1035 1512 inquam,
1057 1471 1104 1502 ire
1126 1476 1231 1502 recta
1253 1471 1335 1504 via:

154 1514 313 1546 trahunt
330 1515 366 1545 in
383 1525 544 1555 pravum
560 1521 750 1555 parentes.

220 1560 258 1588 37
281 1565 415 1587 ORBITA
439 1558 589 1598 properly
612 1562 691 1595 7‘ut;
719 1557 809 1592 used,
833 1568 868 1588 as
890 1557 976 1594 here,
1001 1561 1035 1587 to
1058 1556 1176 1587 denote
1201 1556 1336 1587 ‘beaten

159 1598 275 1637 track‚’
294 1599 367 1630 ‘old
383 1600 498 1637 habi&
515 1600 558 1640 by
577 1600 680 1630 Varro
699 1600 731 1630 in
748 1600 836 1630 Non.
858 1600 976 1640 capitia
987 1610 1084 1639 neque
1097 1599 1132 1630 id
1145 1599 1191 1630 ab
1207 1599 1337 1630 orbita

155 1642 446 1682 malrunffamilias
462 1643 625 1672 institutae
641 1643 698 1680 (ad
712 1653 777 1672 -am
796 1642 996 1681 Quicherat).

218 1688 256 1715 38
280 1692 395 1715 HUIUS
411 1690 470 1715 cet.
492 1685 539 1715 for
556 1685 662 1715 which
678 1685 865 1715 abstinence
889 1685 951 1715 this
974 1695 1035 1714 one
1055 1694 1177 1721 reason,
1202 1683 1229 1713 if
1248 1683 1336 1714 there

154 1737 238 1757 were
254 1737 296 1757 no
313 1727 414 1764 other,
440 1728 547 1758 would
571 1728 611 1758 be
635 1728 801 1758 sufficient.
852 1727 943 1757 With
967 1727 1020 1757 the
1044 1733 1155 1756 neuter
1178 1726 1277 1755 lucius
1292 1726 1331 1757 cf.

155 1769 226 1800 Liv.
247 1777 273 1799 11
291 1778 329 1809 47
347 1771 363 1807 ξ
384 1779 417 1800 12
437 1780 534 1809 neque
547 1770 713 1800 immemor
732 1770 823 1807 eius,
847 1770 932 1810 qnod
943 1770 1036 1800 initio
1051 1769 1234 1798 consulatus
1248 1768 1337 1799 imbi-

153 1812 248 1848 berat,
269 1812 492 1842 monciliandz'
505 1813 630 1842 animos
639 1812 746 1852 plebis.

216 1857 338 1884 40—43
351 1865 398 1884 we
411 1855 542 1895 already
552 1855 676 1886 imitate
692 1855 777 1885 what
794 1854 820 1885 is
833 1854 906 1891 evil,
921 1864 985 1894 you
995 1864 1069 1893 may
1079 1853 1146 1883 find
1162 1863 1181 1883 a
1198 1853 1336 1884 Catiline

154 1896 187 1927 in
203 1907 267 1936 any
282 1897 411 1927 climate
435 1898 515 1935 (V111
544 1896 601 1928 116
621 1908 651 1928 n.
679 1898 821 1927 Gallicus
840 1897 945 1934 axis),
972 1897 1029 1927 but
1052 1907 1070 1926 a
1094 1896 1211 1926 Brutus
1230 1896 1266 1936 (v
1284 1895 1334 1935 37)

154 1949 191 1970 or
214 1939 296 1970 Cato
325 1939 486 1971 nowhere.
536 1940 634 1970 From
659 1940 733 1971 Seu.
768 1950 817 1980 ep.
853 1948 892 1979 97
923 1941 939 1976 ἓ
974 1949 1010 1969 10
1047 1948 1157 1969 omne
1186 1943 1336 1978 tempus

155 1981 327 2019 Clodios,
347 1992 423 2012 non
440 1992 550 2013 omne
568 1983 737 2013 Catones
754 1981 861 2012 feret.
907 1981 954 2012 ad
977 1981 1175 2012 deteriora
1198 1980 1335 2011 faciles

153 2034 290 2062 sumus,
309 2025 385 2064 quia
401 2035 455 2055 nec
469 2025 537 2054 dux
546 2029 646 2064 polest
660 2035 713 2054 nec
727 2035 823 2054 comes
837 2024 939 2061 deesse,
959 2028 987 2054 et
1001 2034 1049 2053 res
1070 2023 1164 2054 etiam
1184 2023 1251 2062 {psa
1268 2023 1337 2053 sine

152 2067 235 2103 duce,
254 2067 322 2097 sine
335 2067 443 2097 comite
451 2068 599 2107 procedit.
649 2077 713 2097 non
730 2072 874 2107 pronum
895 2071 938 2097 est
956 2071 1084 2097 tantum
1107 2066 1152 2096 ad
1170 2066 1260 2103 vilia,
1285 2065 1340 2095 sed

146 2114 302 2149 praeceps.
353 2109 467 2140 Manil.
496 2117 534 2139 IV
558 2108 597 2139 86
623 2110 660 2149 87
685 2110 788 2150 quod
819 2109 962 2139 Decios
991 2119 1066 2139 non
1092 2118 1202 2138 omne
1229 2108 1330 2144 tulit,

153 2162 227 2182 non
244 2162 354 2183 omne
371 2152 559 2184 Camillos
578 2152 583 2193 Ι
604 2157 754 2193 tempus
774 2156 810 2184 et
834 2151 1021 2183 invictum
1044 2150 1198 2183 devicta
1214 2155 1334 2180 morte

153 2194 352 2226 Catonem.
