1458 2476
508 167 615 204 XIII
671 164 861 203 236—245
1228 179 1249 215 9
1255 180 1276 216 3

161 255 219 283 236
249 259 397 283 Momms
428 258 578 282 NATURA
608 258 793 281 MALORUM
825 250 901 282 Sen.
928 250 968 281 de
995 250 1062 282 otio
1097 251 1197 282 1=28
1218 252 1234 289 g
1261 262 1277 282 2

98 295 185 326 inter
198 299 296 326 cetera
313 295 400 325 mala
415 294 500 324 illud
504 293 682 334 pessimum
697 298 749 330 est,
764 293 850 334 quod
861 293 944 324 vitia
962 293 1030 334 ipsa
1047 299 1276 325 mutamus...

96 337 194 368 aliud
205 348 244 368 ex
258 337 324 368 alio
336 337 441 378 placet
460 341 614 376 vexatque
634 346 689 366 nos
706 336 762 366 laeoc
779 346 900 377 quoque
921 336 1007 376 quod
1027 336 1152 367 iudicia
1170 342 1279 367 nostra

97 390 162 411 non
185 384 316 410 tantum
335 384 453 420 prava,
471 379 527 409 sed
544 378 641 410 etiam
660 378 763 409 levia
785 383 873 408 sunt.
908 378 1112 418 fluctuamus
1126 379 1281 420 aliudque

97 433 136 454 cx
157 422 222 453 alio
247 422 540 463 conprehendimus.
578 421 681 461 petita
708 421 935 461 relinquimus,
962 421 1071 451 relicta
1097 422 1279 462 repetimus.

98 465 142 496 id.
162 475 214 506 ep.
238 474 277 504 47
300 467 317 502 ς’
343 474 377 495 21
399 464 452 494 hoc
474 463 590 494 habent
615 464 702 494 inter
722 468 820 494 celera
841 464 916 494 bom'
938 474 1046 498 mores,
1058 465 1188 504 placent
1203 465 1276 502 sibi,

91 512 304 549 permanent:
320 506 418 538 levis
433 512 490 538 est
505 506 667 544 malitia,
688 516 803 547 saepe
818 512 996 544 mutatur,
1016 517 1081 537 non
1097 507 1134 537 in
1151 507 1276 545 melius,

98 550 153 581 sed
166 551 202 580 in
217 550 319 581 aliud.

162 596 221 623 2³⁷
245 602 311 633 seq.
361 591 495 631 Quintil.
526 591 608 623 decl.
632 601 649 630 3
675 601 710 628 14
733 601 800 632 esp.
823 601 878 632 pp.
905 589 965 630 623
993 589 1055 631 624
1080 592 1275 632 tufhrtasse,

98 646 171 666 cum
202 635 354 666 miserum
379 640 506 675 patrem
535 634 723 675 trucja‘ares,
757 635 915 665 tollentem
945 634 991 664 ad
1017 635 1123 664 sidera
1159 645 1280 665 manus

99 678 214 708 risisti.
261 678 361 708 inane
374 678 430 708 leoc
441 682 540 718 supra
555 687 611 708 nos
626 687 826 717 vacuumque
839 687 918 707 cura
933 677 1115 707 caelestium
1121 678 1261 718 putabas
1270 687 1281 708 :

98 725 176 752 sunt
198 721 257 751 illa
279 731 364 757 vcra,
390 730 472 761 quae
492 724 629 750 extmmo
652 719 764 750 miseri
781 719 904 760 spiritu
929 720 1140 751 dicebantur:
1169 720 1281 752 ‘dabis

99 763 190 799 mihi.
213 763 376 800 scelerate,
407 772 549 803 poenas:
576 772 750 803 persequar
775 762 970 803 quandoque
996 768 1027 793 et
1053 762 1277 794 occurram'...

99 816 155 837 nec
183 811 292 836 tamen
323 805 382 836 illa
408 805 495 835 mihi
517 815 604 835 vana
633 805 847 845 quorumdam
869 815 930 836 csse
953 805 1081 836 videtur
1099 806 1276 846 persuasio,

99 849 159 889 qui
178 849 312 879 credunt
334 858 397 879 non
415 849 609 878 extrinsecus
622 847 802 887 hassurias
823 848 942 885 venire,
962 858 1017 878 nec
1032 848 1135 878 ullius
1149 849 1280 879 deorum

102 891 246 932 impulsu
272 891 356 921 hanc
380 891 567 921 mortalibus
587 890 737 921 incidisse
757 891 959 926 dementiam,
982 891 1037 920 sed
1056 891 1147 921 nasci
1168 891 1280 921 intus.-

100 934 325 964 conscicntiam
353 944 422 971 esse,
452 943 534 974 quae
561 937 715 974 torqueat.
761 933 829 964 Cic.
859 933 942 974 legg.
972 940 984 963 1
1010 934 1026 971 ξ
1049 943 1100 973 40.
1125 944 1156 974 p.
1182 933 1280 965 Rosc.

102 977 178 1007 Am.
195 978 229 1013 ἐξ
245 974 380 1015 65-67.

165 1022 223 1049 237
238 1026 462 1049 ADMITTUNT
477 1025 502 1049 x
519 1027 581 1059 340
595 1028 628 1048 n.

164 1069 343 1092 SUPEREST
363 1070 432 1101 109.

164 1111 394 1134 CONSTANTIA
412 1113 460 1143 77.

166 1149 225 1176 238
241 1153 253 1177 1
274 1145 332 1176 166
348 1156 380 1176 n.
429 1153 540 1186 11150.

165 1191 224 1219 239
251 1196 300 1219 AD
325 1196 444 1219 mom-:s
464 1196 615 1219 NATURA
639 1196 825 1220 Recumur
840 1196 865 1219 x
883 1198 941 1228 303
959 1199 991 1220 n.
1039 1190 1120 1220 Hor.
1141 1200 1192 1230 ep.
1212 1197 1223 1220 1
1246 1200 1282 1221 ιο

102 1241 143 1271 ‘²4
174 1241 211 1270 25
244 1231 358 1262 Obbar
387 1236 543 1261 naturam
573 1232 747 1272 expellas
777 1231 894 1269 furca,
922 1238 1049 1263 tamen
1081 1243 1200 1273 usque
1232 1243 1281 1264 re-

102 1279 227 1305 curret
248 1272 252 1313 Ι
270 1278 300 1304 et
321 1274 408 1304 mala
424 1278 612 1314 perrumpet
622 1274 752 1314 furtim
765 1274 909 1314 fastidia
938 1275 1070 1306 victrix.
1118 1286 1134 1306 2
1160 1276 1229 1306 Pet.
1264 1286 1280 1306 2

104 1326 141 1347 22
160 1317 301 1348 Grotius.
337 1317 508 1347 WVetstein.

166 1362 224 1389 242
246 1367 407 1390 ATTRITA
431 1367 479 1390 DE
505 1367 650 1392 FRONTE
673 1359 740 1391 Cic.
765 1360 862 1391 Tuse.
888 1368 929 1391 111
953 1361 1025 1400 §41
1049 1371 1122 1391 cum
1143 1371 1173 1392 os
1199 1371 1279 1402 per-

102 1401 284 1433 fricuisti.
330 1402 450 1433 Calvus
471 1408 504 1433 to
523 1403 673 1433 Vatinius
694 1403 727 1433 in
750 1402 886 1442 Quintil.
910 1411 948 1433 lx
974 1413 990 1433 2
1013 1405 1029 1441 ξ
1053 1414 1091 1442 25
1113 1404 1282 1444 perfrica

103 1445 269 1476 frontem
293 1448 323 1475 et
341 1445 393 1475 dic
414 1449 443 1475 te
456 1445 643 1485 digyziorem,
662 1445 722 1485 qui
734 1450 866 1486 praetor
868 1445 972 1486 fleres,
992 1457 1091 1486 quam
1119 1447 1278 1477 Catonem.

104 1487 203 1518 Mart.
222 1495 260 1518 XI
277 1496 317 1526 27
338 1495 354 1525 7
375 1492 410 1518 at
427 1498 500 1517 cum
519 1487 725 1528 perfricuit
747 1488 912 1519 frontem
927 1489 1096 1529 posuitque
1110 1489 1274 1529 pudorem.

105 1530 229 1561 Lucian
244 1530 299 1560 vit.
315 1535 398 1560 auct.
420 1540 457 1561 10
475 1531 510 1561 τὸ
533 1529 704 1569 ἐρυθριᾶν
721 1529 900 1567 ἀπόξεσον
915 1533 969 1561 τοῦ
985 1534 1154 1570 προσώπου
1170 1543 1282 1561 παντε-

104 1573 177 1603 λῶς.
202 1572 364 1603 Victorius
374 1583 541 1612 compares
554 1573 632 1603 Ath.
648 1573 848 1612 213⁶(where
865 1574 1020 1610 Athenio,
1037 1574 1110 1604 who
1124 1574 1162 1604 of
1174 1584 1283 1615 apoor

104 1615 315 1656 philosopher
344 1616 476 1646 became
513 1620 619 1656 tyraut
650 1615 687 1646 of
716 1616 854 1651 Athens,
882 1616 1002 1657 having
1030 1617 1197 1647 described
1228 1617 1283 1648 the

94 1667 265 1693 >successes
287 1657 325 1689 of
344 1657 568 1696 Mithradates,
595 1659 733 1697 τρίψας
755 1660 794 1689 τὸ
817 1659 998 1696 μέτωπον,
1025 1660 1205 1700 persuaded
1229 1660 1284 1690 the

106 1700 289 1731 Athenians
313 1705 347 1731 to
377 1701 479 1731 revolt
505 1700 586 1731 from
614 1701 733 1738 Rome)
757 1702 820 1732 and
847 1701 962 1732 Strabo
986 1701 1046 1741 603
1071 1703 1228 1742 speaking
1251 1703 1289 1733 of

106 1743 280 1774 audacious
300 1743 407 1774 critics
425 1743 462 1773 os
480 1743 607 1774 Homer
623 1755 630 1774 :
651 1745 746 1783 ἐχρῆν
765 1746 830 1783 γὰρ
848 1746 897 1773 καὶ
920 1746 1011 1774 τοῖτο
1031 1747 1154 1775 πλάσαι
1170 1756 1283 1784 παρα-

106 1786 356 1824 τριψαμένους
378 1787 419 1816 τὸ
441 1787 616 1819 μέτωπον
638 1788 690 1816 καὶ
710 1788 754 1823 μὴ
776 1788 882 1824 χωλὸν
904 1788 957 1817 ἐαν
986 1790 1037 1817 καὶ
1061 1789 1182 1825 ἕτοιμον
1209 1790 1285 1828 πρὸς

107 1829 243 1866 ἔλεγχον
260 1827 345 1865 ἅπαξ
360 1827 420 1866 ἤδη
435 1827 740 1865 ἀποτετολμηκὸτας.

173 1877 317 1901 FRONTE
331 1878 356 1901 11
375 1871 405 1900 8.
422 1879 490 1902 vm
510 1873 574 1912 189.
602 1872 689 1902 Pers.
706 1880 726 1902 v
743 1881 800 1912 ¹03
822 1882 879 1912 104
895 1872 952 1902 ifa
968 1872 1177 1913 ploughman,
1194 1873 1284 1911 igno-

108 1918 178 1943 rant
194 1912 231 1944 os
248 1919 443 1954 astronomy‚
462 1924 546 1945 were
569 1919 602 1944 to
623 1914 699 1945 seek
722 1915 895 1945 command
918 1915 954 1945 of
973 1926 991 1945 a
1006 1916 1119 1951 vessel,
1136 1916 1287 1946 exclamet

108 1955 400 1996 Alelicertapem'sse
419 1955 423 1995 Ι
441 1955 609 1987 frontem
625 1957 662 1987 de
677 1957 775 1987 rebus.
790 1958 880 1988 Hier.
893 1968 944 1998 ep.
959 1960 1077 1989 18:22
1092 1958 1142 1997 (xv
1156 1970 1171 1989 2
1186 1969 1216 1999 p.
1231 1959 1284 1998 4¹)

108 2008 188 2039 quae
207 1997 346 2029 rubore
367 1998 508 2030 frontis
535 2000 704 2030 abstrito
723 2000 884 2040 parasitos
899 2001 1037 2031 vincunt
1052 2002 1236 2032 mimorum.

173 2048 349 2071 Rusonem
366 2048 405 2072 x1
423 2051 463 2081 54
480 2051 529 2080 55.

173 2086 233 2113 244
249 2090 360 2114 DABlT
375 2091 543 2115 VEST1G1A
559 2084 598 2116 ef.
617 2085 694 2115 dare
708 2086 786 2116 colla
801 2085 858 2116 sub
875 2086 962 2125 iuga.

174 2128 233 2156 245
253 2133 426 2156 CARCER1S
442 2134 575 2158 UNCUM
594 2135 618 2158 x
640 2127 680 2159 66
703 2138 735 2158 n.
782 2128 843 2160 Ov.
870 2129 938 2160 Ibis
957 2128 1026 2169 164.
1074 2130 1161 2160 Burn
1179 2129 1286 2161 Rome

110 2167 175 2200 and
191 2167 381 2209 Campagna
396 2169 448 2200 80.
