1458 2476
123 165 172 203 88
547 166 654 203 XIII
710 166 897 204 192—199

123 253 151 280 et
171 250 209 279 id
226 250 330 290 ipsum
354 260 393 280 ne
411 260 476 280 non
499 250 695 281 diuturnum
718 251 761 281 sit
770 251 932 291 ficturum
955 252 1046 283 times
1055 263 1070 291 ;
1106 257 1142 285 te
1165 257 1311 286 consci-

123 292 252 323 entiae
276 293 484 324 stimulant
510 293 802 324 maleficiorum
825 300 998 334 tuorum3
1029 301 1057 326 te
1081 302 1179 328 metus
1200 299 1311 329 exani-

123 340 218 365 mant
239 335 434 366 z‘udz'ciorum
457 339 552 376 atque
573 336 700 376 legum:
729 347 975 378 quocumque
1005 339 1237 379 adspexisti,
1271 346 1311 373 ut

122 378 249 409 furiae
280 378 336 409 sic
367 383 457 409 tuae
487 378 562 409 tibi
592 385 807 410 occurrunt
837 380 1019 418 iniuriae,
1047 392 1145 422 quae
1168 388 1204 414 te
1234 394 1311 415 sus-

123 421 256 461 pirare
279 421 405 451 libere
428 432 505 452 non
527 421 669 453 sinunt.
721 423 797 454 Sen.
821 433 871 463 ep.
900 431 940 462 97
964 425 981 461 ἓ
1007 434 1045 463 14
1065 426 1180 464 prima
1203 427 1261 456 illa
1283 431 1313 458 et

124 464 269 493 maxima
283 464 486 504 peccantium
500 469 604 504 poena
619 469 664 495 est
677 470 826 504 peccasse,
844 477 898 496 nec
913 467 1019 497 ullum
1039 468 1311 509 scelus...z'npuni-

122 511 191 536 lum
207 511 251 536 est
259 516 274 543 ,·
296 507 450 547 quoniam
465 508 587 538 sceleris
602 508 639 538 z'n
654 509 761 538 scelere
774 509 965 548 supplicium
981 515 1034 540 est.

187 552 248 579 194
271 557 394 580 ΗΑΒΕΤ
418 558 626 581 ATTONITOS
649 551 723 581 Ter.
741 551 828 582 haut.
847 551 906 589 461
934 552 1070 593 Bentley
1090 553 1155 584 and
1177 554 1312 585 Gronov

122 592 227 622 omnis
249 593 451 623 sollicitos
474 593 624 624 habuit.
671 594 738 625 Cic.
758 594 834 624 fam.
853 602 881 625 II
902 594 970 633 16§
993 605 1003 625 Ι
1026 607 1107 636 quae
1125 608 1190 627 non
1207 608 1311 628 meum

123 635 272 665 animum
290 636 392 676 magis
407 636 632 666 sollicitum
654 636 800 667 habent
823 648 920 677 quam
936 642 1040 668 tuum.
1079 639 1121 669 id.
1141 640 1212 670 Att.
1231 648 1311 671 XVII

127 688 139 708 1
158 679 175 716 ἓ
193 687 209 716 3
226 679 385 718 Dymaeos
403 689 480 719 agro
489 679 599 719 pulsos
620 690 709 709 mare
729 679 915 710 infestum
939 680 1087 712 habere
1111 682 1165 712 nil
1177 683 1310 713 mirum.

123 721 206 752 Cato
222 721 296 751 mai.
313 723 329 760 ξ
347 720 388 752 66
403 732 519 762 augere
537 727 630 762 alque
649 722 871 753 sollicitam
895 723 1040 754 habere
1064 729 1208 756 nostram
1229 731 1311 756 aeta-

121 769 191 794 lem.

186 814 394 837 ATTONITOS
418 814 473 838 XII
492 817 528 837 21
548 817 580 837 11.

187 858 308 880 SURDO
331 858 500 880 VERBERE
523 858 577 880 vn
601 859 635 890 71
655 860 685 881 n.
722 850 804 881 Plin.
826 859 890 881 X1x
906 852 923 890 ἓ
941 861 980 882 20
1003 853 1132 884 surdis
1155 853 1310 892 ictibus,

122 897 149 923 el
162 893 220 933 qui
234 904 297 922 uon
313 893 545 923 exaudiantur.

187 939 247 966 195
270 943 391 966 ANIMO
408 943 579 966 TORTORE
601 944 667 966 XIV
684 945 719 965 21
740 946 772 966 n.
819 937 956 977 Bentley
972 948 1015 968 on
1032 938 1115 969 Hor.
1133 949 1160 970 c.
1181 947 1220 969 IV
1237 949 1256 980 9
1273 949 1312 981 39

128 979 395 1016 ‘observandum⁷
420 979 562 1020 optimos
584 989 730 1019 quosque
752 979 924 1019 scriptores
945 991 1011 1011 non
1033 981 1127 1012 aliter
1149 982 1310 1013 interdum

123 1022 164 1052 de
187 1022 306 1059 animo,
333 1032 430 1062 quam
454 1022 494 1052 de
517 1032 657 1062 persona
679 1023 833 1063 quapiam
856 1022 971 1064 loqui.'
1001 1024 1067 1054 add
1085 1025 1159 1056 Sen.
1180 1035 1231 1066 ep.
1253 1035 1309 1064 124

123 1066 139 1102 ξ
157 1075 172 1094 2
179 1075 196 1104 3
212 1066 346 1094 animus
361 1065 539 1095 aemulator
553 1065 625 1096 Dei.

189 1115 410 1138 FLAGELLL‘M
435 1115 447 1138 1
469 1106 527 1138 166
547 1106 616 1147 167.
665 1107 758 1138 Lucr.
784 1116 826 1138 111
850 1117 927 1148 1017
950 1109 1029 1139 1018
1051 1109 1133 1141 aster
1154 1110 1314 1151 speaking

124 1149 160 1181 of
179 1150 223 1181 all
245 1151 368 1181 human
387 1151 594 1181 instruments
618 1150 655 1181 of
673 1156 793 1182 torture
816 1162 896 1191 quae
917 1156 1024 1182 lamen
1046 1153 1103 1182 etsi
1123 1153 1247 1190 absunt,
1275 1160 1312 1185 at

124 1204 229 1224 mens
252 1193 329 1224 sibi
356 1194 516 1224 conscia
542 1193 557 1223 f
560 1194 660 1224 actis
681 1192 684 1234 Ι
698 1199 918 1233 praemetuens
940 1195 1065 1226 adhibet
1084 1196 1232 1226 stimulos
1254 1201 1311 1226 ter-

123 1241 228 1277 retque
249 1236 435 1277 flagellis.
483 1236 603 1267 Mum-0
626 1236 669 1267 ib.
692 1244 735 1267 ΙΙΙ
759 1246 846 1275 ¹023.
895 1245 919 1266 V
939 1247 1029 1276 1154.
1080 1239 1158 1269 Luc.
1179 1246 1233 1269 VII
1252 1239 1313 1278 783

127 1280 187 1319 784
210 1279 296 1309 hunc
317 1279 423 1320 instra
445 1284 588 1309 monstra
618 1279 841 1320 flagellant.
864 1278 868 1320 Ι
886 1284 916 1310 et
936 1286 1095 1320 quantum
1112 1286 1233 1322 paenae
1254 1283 1313 1312 mi-

123 1333 190 1353 sero
211 1332 317 1353 mens
340 1322 500 1353 conscia
521 1323 631 1352 donat.

188 1369 246 1396 197
270 1373 465 1396 CAEDICIUS
483 1366 597 1406 gravis
618 1364 696 1395 with
716 1365 881 1395 Caedit-ius
896 1375 930 1395 as
945 1367 1103 1406 pugnacis
1123 1366 1203 1397 with
1224 1367 1315 1397 Tulli

124 1408 157 1438 in
174 1416 197 1438 v
215 1417 253 1446 57
278 1414 315 1438 et
343 1408 433 1438 Tulli
452 1418 561 1438 census
575 1408 737 1448 pugnacis
752 1414 788 1438 et
805 1409 901 1438 Ausi.
943 1409 1043 1440 schol.
1068 1410 1225 1440 ‘aulicum
1247 1410 1312 1441 Ne-

125 1451 212 1482 ronis
247 1451 505 1481 crudelissimum
535 1451 631 1481 fuisse
663 1451 730 1481 vult
761 1450 930 1491 intellegi?
975 1452 1007 1481 A
1032 1452 1167 1493 pleader
1196 1453 1234 1483 of
1259 1453 1315 1483 the

125 1504 220 1525 name
237 1502 300 1524 XVI
319 1492 370 1532 46.

192 1544 506 1567 RHADAMANTIIUS
537 1545 550 1566 1
577 1546 614 1567 10
637 1546 668 1567 n.
719 1536 774 1566 He
800 1536 937 1567 decided
964 1538 1143 1578 important
1169 1538 1315 1578 disputes

126 1581 169 1620 by
185 1580 300 1620 taking
315 1580 409 1610 oaths
425 1580 461 1610 os
474 1580 528 1610 the
544 1579 663 1620 parties
681 1579 762 1610 Plat.
783 1579 869 1619 legg.
887 1578 968 1620 293f.
1015 1581 1098 1612 Aen.
1120 1589 1157 1611 VI
1174 1581 1236 1620 566
1253 1581 1313 1620 567

127 1623 181 1661 (cf.
207 1623 325 1662 Heyne
352 1633 420 1653 exc.
450 1623 500 1661 11)
534 1622 669 1653 Gnosius
691 1622 765 1652 llaec
792 1622 1117 1654 Rhadamanthus
1147 1624 1237 1654 habet
1257 1625 1314 1655 du-

128 1665 255 1696 rissima
272 1676 380 1705 regua,
403 1664 406 1705 Ῑ
428 1666 657 1705 castigatque
670 1665 822 1705 auditque
835 1666 918 1695 dolos
934 1666 1119 1707 cogitque
1141 1666 1267 1698 fateri.

191 1712 249 1739 198
281 1716 400 1739 NOCTE
423 1716 564 1745 DIEQUE
588 1716 629 1738 111
656 1717 724 1746 105.
774 1708 838 1739 Ov.
862 1719 905 1738 m.
932 1716 958 1738 11
983 1718 1055 1748 343.
1101 1709 1199 1740 Mart.
1224 1717 1249 1740 x
1275 1712 1315 1749 58

132 1761 143 1781 1
155 1761 178 1782 1.

192 1802 335 1824 TESTEM
368 1803 384 1823 2
408 1804 440 1824 n.
491 1794 564 1825 Sen.
591 1804 641 1834 ep.
667 1802 707 1832 43
732 1794 749 1831 ξ
768 1801 784 1832 5
810 1793 840 1824 si
862 1793 988 1824 honesta
1014 1798 1094 1824 suut
1115 1805 1195 1835 quae
1214 1795 1310 1836 fita-is,

127 1848 233 1868 omnes
262 1838 386 1867 ssiant:
421 1837 452 1867 si
490 1837 634 1877 turpia,
672 1836 766 1877 quid
804 1836 924 1866 refert
962 1838 1161 1868 neminem
1199 1838 1310 1876 scire,

128 1890 212 1910 cum
238 1885 278 1910 tu
302 1879 428 1910 scias?
471 1890 491 1910 0
513 1886 550 1910 te
573 1879 764 1914 miserum,
798 1879 830 1909 si
861 1880 1085 1910 contemnis
1115 1880 1216 1911 hunc
1245 1886 1314 1912 tes-

129 1929 216 1954 tem.
263 1932 351 1963 prov.
369 1922 402 1952 in
419 1922 556 1961 Quintil.
573 1930 597 1953 v
617 1932 650 1952 11
670 1923 686 1959 ξ
703 1930 738 1960 41
767 1922 1014 1952 conscientia
1036 1922 1147 1954 mille
1169 1927 1300 1955 testes.

192 1968 251 1996 199
275 1972 464 1995 SPARTANO
489 1972 636 1996 CU1DAM
660 1964 816 2001 Glaukos,
845 1974 904 1995 son
925 1964 962 1995 of
981 1965 1159 2005 Epikydes,
1181 1976 1247 1997 was
1268 1977 1314 1998 re-

129 2007 264 2049 quested
280 2008 324 2048 by
338 2018 358 2038 a
374 2007 536 2045 Milesiam,
563 2008 638 2038 who
660 2007 726 2037 had
748 2007 848 2037 heard
865 2007 920 2037 the
943 2007 1027 2038 fame
1048 2008 1086 2039 of
1101 2008 1151 2039 his
1170 2009 1316 2050 upright-

130 2061 212 2088 ness,
243 2055 278 2081 to
301 2051 387 2091 keep
410 2050 444 2080 in
470 2055 550 2081 trust
576 2050 624 2080 for
649 2050 718 2080 him
741 2060 761 2080 a
782 2059 853 2079 sum
876 2050 913 2080 of
930 2060 1058 2090 money.
1107 2051 1202 2092 Long
1221 2052 1315 2083 after-

131 2094 237 2124 wards
253 2093 307 2124 the
323 2103 398 2124 sons
418 2092 456 2123 of
471 2093 527 2123 the
544 2092 695 2123 Milesian
710 2091 884 2122 reelaimed
901 2093 955 2123 the
971 2093 1108 2134 deposit.
1158 2094 1313 2131 Glaukos,

130 2136 273 2177 denying
287 2136 331 2167 all
349 2135 557 2167 recollection
578 2135 614 2165 of
629 2135 684 2166 the
706 2140 831 2171 matter,
854 2135 1019 2175 promised
1045 2141 1079 2167 to
1097 2136 1193 2168 make
1211 2137 1315 2178 inqui-

131 2180 203 2215 ries,
218 2179 282 2210 and
297 2179 371 2220 give
386 2189 406 2209 a
421 2178 498 2210 final
514 2188 640 2209 answer
655 2178 688 2209 in
703 2177 775 2209 four
791 2177 930 2209 months’
946 2178 1032 2210 time.
1062 2179 1259 2212 Meanwhile
1274 2180 1315 2212 he
