1458 2476
647 188 749 226 X1V
1246 196 1291 233 27

106 276 252 314 electro
285 273 481 324 signisque
513 273 590 311 suis
625 272 868 322 Phrygiaque
898 271 1083 309 columna

104 347 222 388 atque
254 340 372 377 ebore
407 346 444 377 et
473 339 551 376 lata
581 337 788 376 testudine.
846 336 952 375 dolia
984 335 1081 374 nudi

104 416 184 442 non
216 404 353 442 ardent
382 402 507 453 cynici
516 418 526 451 3
566 403 597 441 si
630 403 796 452 fregeris,
829 403 948 440 altera
980 402 1046 439 fiet

104 481 187 507 cras
206 469 358 516 domus,
379 476 444 506 aut
464 469 602 506 eadem
622 468 785 517 plumbo
805 465 1014 504 commissa
1033 464 1217 503 manebit.

104 533 224 572 sensit
256 534 489 580 Alexander,
523 540 622 571 testa
648 545 738 569 cum
767 531 864 569 vidit
892 530 932 568 in
962 531 1027 568 illa
1217 543 1289 578 311

104 611 290 647 magnum
323 597 592 643 habitatorem,
627 603 776 645 quanto
810 594 959 633 felicior
988 594 1064 640 hic,
1100 593 1166 643 qui

103 663 157 700 nil
187 670 358 712 cuperet,
389 675 507 712 quam
542 661 607 711 qui
642 669 768 699 totum
801 660 874 698 sibi
905 666 1084 709 posceret
1115 659 1265 705 orbem,

103 740 284 776 passurus
316 727 434 777 gestis
468 727 673 776 aequanda
705 725 876 775 pericula
907 725 1032 763 rebus.

102 793 251 829 nullum
285 805 431 830 numen
461 792 594 838 habes,
629 791 660 829 si
694 791 742 830 sit
768 789 997 840 prudentia3
1036 802 1107 827 nos
1133 796 1183 835 te,
1215 801 1290 839 315

102 870 176 895 nos
204 857 377 903 facimus,
409 859 592 904 Fortuna,
624 858 750 895 deam.
821 868 1004 894 mensura
1032 862 1165 894 tamen
1194 868 1292 904 quae

103 921 266 960 sufficiat
299 935 449 968 census,
483 922 514 959 si
545 921 632 971 quis
666 935 729 960 me
760 921 950 966 consulat,
983 921 1115 958 edam:

103 986 141 1024 in
171 994 359 1035 quantum
389 987 469 1024 sitis
498 994 615 1035 atque
644 988 765 1024 fames
795 993 832 1024 et
861 985 1001 1034 frigora
1029 991 1206 1033 poscunt,

102 1058 302 1100 quantum,
335 1050 513 1099 Epicure,
544 1050 613 1088 tibi
642 1050 768 1099 parvis
798 1049 948 1087 suffecit
976 1049 1016 1086 in
1046 1048 1178 1095 hortis,

101 1123 290 1164 quantum
320 1114 504 1153 Socratici
533 1122 719 1164 ceperunt
748 1122 838 1152 ante
868 1120 1040 1162 penateS.
1215 1125 1291 1162 320

101 1192 315 1229 numquam
345 1179 451 1217 aliud
480 1187 628 1226 natura,
658 1179 763 1217 aliud
792 1178 982 1228 sapientia
1011 1178 1116 1217 dicit.

100 1243 251 1282 acribus
280 1243 467 1292 exemplis
496 1243 632 1281 videor
659 1251 697 1281 te
726 1244 912 1281 cludere?
968 1241 1088 1280 misce

101 1319 192 1355 ergo
221 1306 368 1356 aliquid
397 1306 536 1345 nostris
566 1307 616 1345 de
645 1306 830 1352 moribus,
863 1307 971 1344 effice
1001 1318 1208 1350 summam,

99 1370 157 1408 bis
185 1378 335 1419 septem
364 1371 564 1409 ordinibus
594 1384 712 1420 quam
741 1372 802 1409 lex
831 1370 1013 1420 dignatur
1042 1369 1221 1408 Othonis.

98 1434 196 1472 haec
215 1448 372 1484 quoque
392 1435 423 1473 si
442 1449 575 1484 rugam
597 1435 711 1474 trahit
727 1435 979 1484 extenditque
1000 1436 1194 1483 labellum,
1214 1447 1286 1485 325

99 1510 209 1536 sume
238 1499 337 1536 duos
367 1499 525 1548 equites,
558 1501 618 1537 fac
647 1499 759 1537 tertia
787 1499 1081 1548 quadringenta.

97 1562 129 1600 si
157 1564 335 1601 nondum
364 1563 506 1613 inplevi
534 1564 736 1613 gremium,
768 1564 799 1602 si
828 1563 1012 1613 panditur
1040 1565 1147 1611 ultra,

97 1638 171 1664 nec
201 1626 335 1665 Croesi
363 1628 517 1665 fortuna
545 1641 732 1677 umquam
762 1641 835 1666 nec
865 1627 1019 1666 Persica
1047 1640 1165 1677 regna

97 1690 288 1730 sufficient
316 1692 448 1730 animo
478 1706 550 1730 nec
580 1693 736 1732 divitiae
766 1693 947 1740 Narcissi,

96 1754 256 1793 indulsit
286 1756 429 1794 Caesar
457 1757 519 1794 cui
550 1757 736 1796 Claudius
766 1758 907 1805 omnia,
939 1757 1048 1796 cuius
1212 1772 1288 1807 330

96 1820 222 1870 paruit
250 1820 419 1870 imperiis
449 1835 611 1860 uxorem
640 1822 818 1861 occidere
847 1822 982 1861 iussus.

164 1983 226 2013 3¹0
248 1974 354 2015 adque
377 1975 428 2005 P:
458 1980 513 2006 aut
537 1987 560 2006 ω
582 1974 586 2016 Ι
607 1985 667 2014 315
694 1975 796 2006 habes
822 1976 896 2006 Pw:
929 1975 1020 2006 abest
1045 1978 1084 2005 ε’.
1108 1975 1200 2005 Lact.
1226 1974 1290 2005 Ill

98 2035 146 2066 29·
168 2026 272 2056 Psat.
290 2034 315 2057 X
333 2026 403 2067 365.
426 2028 538 2061 Herm.
564 2027 569 2069 l
589 2038 649 2070 319
666 2028 783 2060 sufficit
799 2027 851 2070 Pi
873 2038 932 2068 321
952 2028 1031 2059 aliut
1047 2029 1096 2059 P:
1117 2027 1205 2059 aliud
1220 2032 1242 2067 p
1260 2027 1265 2068 Ι

98 2081 158 2120 328
182 2081 264 2121 crysi
282 2082 314 2112 P
