1458 2476
166 169 236 202 ψ
580 158 680 196 XIV
735 140 923 196 310-'315

224 247 283 274 310
305 252 430 281 ATQUE
457 245 554 284 [¹and
585 256 665 276 even
690 246 746 277 the
769 247 825 277 old
850 257 913 278 one
940 246 968 277 if
990 246 1150 285 soldered‚
1179 247 1246 279 will
1270 248 1350 280 hold

158 287 246 327 good
263 286 341 327 (and
357 298 376 317 a
391 298 463 318 new
480 298 542 318 one
563 294 620 319 not
640 289 680 319 be
696 289 850 326 needed)'
870 290 915 320 H.
934 291 976 320 A.
991 290 1020 330 J.
1042 290 1105 329 M.]
1129 291 1202 321 DL.
1220 299 1259 322 VI
1276 293 1292 330 ἕ
1309 303 1349 332 43

158 340 178 360 a
195 331 259 370 boy
274 330 395 371 having
414 331 537 361 broken
553 332 609 362 the
631 332 699 369 tub,
715 332 770 363 the
793 333 976 363 Athenians
1003 333 1164 373 punished
1191 333 1260 365 him
1284 335 1349 365 and

159 372 309 413 replaced
326 373 360 404 it.
411 374 533 414 Grang.
552 374 617 404 ancl
634 374 742 406 Vales.
763 376 841 406 read
857 380 924 406 out.

223 423 409 447 COMMISSA
420 416 565 447 fastened
584 417 666 447 Cato
682 428 739 448 r.r.
758 428 797 459 39
816 419 831 456 ξ
855 429 866 449 1
886 418 991 449 dolia
1008 417 1169 458 plumbo
1185 419 1345 452 vincito.

157 463 191 488 to
208 459 315 489 solder
331 459 358 490 is
374 459 546 499 plumbetre
571 460 655 491 Plin.
675 468 793 491 XXXIV
820 463 835 499 ἓ
865 461 934 493 161.
981 469 1077 491 XVIII
1103 463 1120 499 ἓ
1149 461 1209 501 236
1241 463 1350 495 dolia

156 512 273 541 quassa
288 512 418 532 sarczre.

222 548 280 574 311
304 548 362 575 312
386 553 624 581 ALEXANDER,
642 554 756 577 TEsTA
779 555 857 578 CUM
875 555 982 577 VIDIT
1007 554 1045 576 IN
1072 555 1156 577 ILLA
1181 555 1347 579 MAGNUM

156 595 427 618 HABITATOREM
446 588 526 619 VM.
547 596 585 618 IV
605 599 621 628 3
639 597 660 619 E
674 591 725 628 §·4
750 590 974 620 Alexander
999 600 1081 627 vero,
1100 601 1271 630 cognomen
1295 591 1347 622 in-

155 631 233 660 victi
260 635 427 669 assecutus,
462 631 690 662 continentiam
724 632 916 673 Diogenis
952 633 1079 673 cynici
1115 635 1240 663 vincere
1280 645 1346 665 non

147 673 267 713 potnit.
314 674 360 705 ad
377 684 492 715 quem
508 684 592 704 cum
608 675 646 705 in
663 675 745 705 sole
762 676 958 706 sedentem
974 676 1206 707 accessisset
1222 677 1347 708 horta-

154 723 339 757 returque
376 722 426 755 ut,
461 717 492 747 si
523 728 597 758 qua
634 719 828 758 praestari
860 718 936 749 sibi
972 718 1103 755 vellet,
1138 719 1344 757 indicaret,

153 760 478 800 quemadmodum
507 765 589 791 erat
613 760 651 790 in
677 761 880 801 crepidine
905 761 1137 792 conlocatus
1163 763 1346 794 sordidae

153 803 439 842 appellationis
467 803 533 833 sed
558 803 743 834 robustae
769 804 825 834 vir
850 805 1120 845 praestantiae
1148 805 1267 835 ‘mox'
1293 805 1345 836 in-

153 846 238 885 quit
260 846 325 875 ‘de
342 845 496 883 ceteris,
516 845 676 876 interim
692 846 808 877 velim
832 847 946 878 asole
968 847 1062 877 mihi
1086 857 1162 878 non
1189 848 1345 879 obstes.’

155 888 232 918 Sen.
258 888 332 918 ben.
363 896 385 918 V
416 888 435 919 6
468 889 484 926 ἓ
521 899 533 919 1
568 889 780 930 Diogenes,
810 900 829 920 a
859 900 933 931 quo
964 890 1100 930 utique
1130 890 1257 922 victus
1288 897 1345 923 est

153 931 381 970 [Alexander]
427 931 544 972 quidni
557 932 663 962 victus
676 933 719 962 sit
739 933 795 963 illo
817 933 874 969 die,
894 943 954 972 quo
979 933 1071 963 homo
1093 938 1195 974 supra
1219 945 1343 964 mensu-

151 984 224 1004 ram
246 974 411 1004 humanae
423 975 587 1014 superbiae
600 979 727 1005 tumens
747 976 829 1005 vidit
847 976 994 1016 aliquem,
1014 976 1068 1006 cm·
1087 987 1140 1006 nec
1160 977 1238 1007 dare
1258 979 1343 1018 quic-

150 1027 248 1057 quam
258 1021 362 1057 posset
376 1028 432 1048 nec
446 1018 588 1058 eripere?
632 1018 706 1048 DL.
724 1026 761 1049 VI
779 1020 795 1056 ἓ
815 1028 850 1058 32
874 1019 920 1049 ‘if
936 1019 951 1049 I
969 1029 1053 1049 were
1069 1025 1126 1050 not
1143 1020 1342 1056 Alexander,

153 1060 168 1089 I
186 1061 295 1090 would
312 1061 431 1091 choose
453 1066 486 1091 to
505 1061 546 1091 be
560 1060 748 1102 Diogenes-³
794 1064 810 1099 ἓ
825 1063 863 1102 38
881 1072 938 1092 our
960 1068 1066 1102 story3
1095 1063 1261 1103 Diogenes
1277 1074 1343 1094 was

150 1103 291 1144 basking
306 1104 339 1133 ἐν
356 1103 402 1141 τῷ
419 1104 571 1143 Κρανείῳ.

216 1149 274 1176 312
298 1154 450 1182 QUANTO
476 1154 646 1177 FELICIOR
670 1147 710 1178 cf.
729 1148 804 1178 Arr.
824 1147 937 1188 Epikt.
955 1155 996 1178 111
1015 1158 1052 1178 22
1071 1149 1086 1186 ἓ
1105 1157 1154 1188 92.
1183 1158 1224 1190 94
1245 1148 1342 1189 kings

150 1188 214 1219 ancl
231 1194 363 1229 tyrants,
385 1189 510 1230 though
526 1190 664 1227 wicked,
684 1201 738 1221 are
756 1191 893 1221 enabled
911 1191 953 1231 by
969 1191 1052 1221 their
1068 1202 1153 1222 arms
1169 1192 1234 1222 and
1258 1192 1341 1222 their

148 1232 268 1271 guards
284 1239 318 1263 to
335 1232 453 1273 punish
469 1233 611 1264 sinners:
636 1234 681 1271 τῴ
703 1235 736 1264 δὲ
758 1232 866 1271 κυνικῷ
892 1233 960 1264 ἀντὶ
984 1234 1045 1263 τῶν
1070 1234 1176 1264 ὅπλων
1202 1236 1253 1265 καὶ
1278 1233 1342 1265 τῶν

149 1274 329 1314 δορυφόρων
344 1275 380 1305 τὸ
395 1274 533 1306 συνειδὸς
555 1274 613 1313 τήν
632 1277 774 1314 ἐξουσίαν
794 1279 912 1314 ταύτην
934 1277 1157 1315 παραδίδωσιν.
1202 1278 1274 1318 §95
1299 1278 1340 1308 he

147 1317 250 1358 spoke
267 1318 305 1348 of
315 1318 450 1349 himself
462 1329 496 1349 as
513 1319 645 1359 sharing
661 1320 715 1350 the
732 1320 799 1350 rule
817 1320 854 1350 of
867 1320 958 1351 Zeus.

212 1369 277 1391 HIC
294 1361 471 1402 Diogenes.

211 1407 270 1434 313
295 1412 359 1434 NIL
390 1412 559 1435 CUPERET
587 1405 663 1436 Seri.
691 1405 767 1436 ben.
791 1413 844 1436 VII
864 1416 879 1436 2
898 1407 914 1443 ἓ
932 1418 950 1444 4
975 1406 1103 1445 magnis
1125 1406 1231 1446 itaque
1251 1407 1339 1436 curis

145 1451 307 1487 exemptus
321 1452 349 1478 et
364 1447 631 1487 dzlvtorqzmztibus
647 1454 781 1478 mentem
799 1449 900 1479 nihil
918 1459 932 1479 s
942 1456 1054 1489 perat
1071 1455 1136 1480 aut
1152 1449 1260 1489 cupit
1285 1459 1338 1479 nec

145 1500 175 1519 se
192 1490 289 1520 mittit
304 1490 339 1520 z'n
355 1490 488 1520 dubium
506 1502 560 1521 sno
577 1496 748 1522 contentus.
799 1493 815 1529 ξ
833 1501 847 1528 5
868 1502 921 1522 nec
936 1492 1031 1522 illum
1055 1492 1211 1522 existimes
1229 1497 1336 1532 parvo

145 1537 419 1563 essecontenlum:
435 1534 567 1564 omnia
583 1534 693 1565 illius
709 1540 812 1570 sunt,
830 1545 907 1565 non
930 1535 986 1565 sic
1008 1535 1336 1575 quemadmodum

146 1576 366 1606 Alexandri
398 1576 569 1607 fuerunt.
624 1577 685 1613 cui,
711 1588 908 1618 quamquam
939 1578 974 1608 in
1002 1578 1093 1608 litore
1117 1578 1212 1608 rubri
1234 1579 1337 1608 maris

143 1624 279 1654 steterat,
291 1620 370 1659 plus
384 1620 497 1656 deerat,
516 1630 613 1660 qnam
633 1631 697 1660 qua
722 1622 912 1658 venerat...§
928 1619 948 1651 6
973 1631 1038 1650 non
1062 1621 1140 1651 sall's
1163 1621 1338 1660 adparebat

144 1662 266 1702 inopem
288 1673 357 1695 esse,
383 1663 448 1703 qui
469 1669 577 1693 extra
595 1670 760 1694 naturae
784 1664 978 1694 terminos
997 1674 1092 1694 orma
1105 1663 1330 1703 prtyi’rret?...

144 1711 297 1735 tantum
321 1705 383 1735 illi
408 1706 530 1743 deest,
557 1712 755 1746 quantum
779 1707 901 1746 cupit.
949 1717 966 1746 3
992 1707 1008 1743 ξ
1034 1716 1050 1736 2
1077 1716 1175 1737 unus
1198 1712 1255 1737 est
1279 1717 1332 1737 sa-

145 1748 268 1787 piens,
289 1748 402 1778 cuius
418 1749 547 1778 omnia
562 1754 661 1779 sunt.
700 1750 750 1787 §3
767 1749 872 1789 sisyn,
893 1755 932 1779 ut
955 1749 1054 1779 nihil
1078 1749 1223 1789 cupiat,
1244 1749 1333 1790 quia

143 1790 243 1820 nihil
269 1796 324 1822 est
350 1797 458 1821 extra
486 1791 626 1822 omnia.
673 1792 741 1822 Cic.
772 1793 883 1832 parad.
908 1799 946 1822 VI
967 1802 1032 1832 esp.
1059 1793 1128 1831 §51
1149 1802 1223 1822 non
1250 1802 1332 1823 esse

143 1833 325 1873 cupidum
344 1835 482 1874 pecunia
497 1838 549 1869 nst,
568 1845 632 1864 non
648 1845 709 1864 esse
723 1845 855 1865 emacem
869 1834 1002 1874 vectigal
1021 1840 1082 1864 est:
1105 1840 1330 1865 contentum

144 1887 234 1906 vero
257 1877 336 1907 suis
353 1877 466 1907 rebus
482 1887 568 1907 esse
584 1878 773 1908 maximae
789 1874 876 1908 sunt
892 1878 1220 1918 certissimaeque
1237 1878 1331 1908 divi-

143 1925 230 1950 tiae.

207 1970 272 1998 QUI
293 1965 421 1993 T'OTUM
443 1970 511 1993 sim
539 1970 721 1993 POSCERET
745 1971 871 1994 ORBEM
889 1971 911 1993 x
934 1961 991 1993 168
1008 1973 1040 1993 n.
1089 1963 1164 1994 Sen.
1182 1963 1256 1994 ben.
1275 1971 1328 1994 VII

144 2014 161 2044 3
177 2006 194 2043 ἓ
215 2015 225 2034 1
245 2016 336 2046 quem
347 2010 408 2046 per
422 2006 530 2036 Liberi
544 2006 754 2046 liet-cltlz'sque
766 2006 895 2046 vestigia
902 2005 988 2046 fili-2:
1004 2007 1163 2037 temeritas
1177 2007 1245 2047 egil.

205 2051 265 2078 314
282 2056 305 2078 x
321 2057 361 2088 97
379 2049 430 2088 98.

206 2094 264 2121 315
280 2095 338 2121 316
364 2099 672 2122 NULLUM——DEAM
689 2102 777 2122 same
792 2102 899 2122 verses
917 2100 939 2122 x
959 2090 1017 2130 365
1036 2090 1106 2131 366.
1135 2102 1171 2123 so
1188 2099 1200 2122 1
1218 2100 1328 2130 25=x

144 2133 212 2164 226.
263 2142 326 2164 XVI
354 2142 507 2172 41=XI11
530 2144 598 2174 137.
623 2135 702 2165 such
729 2135 918 2175 repetitions
934 2146 988 2165 are
1010 2135 1158 2176 frequent
1181 2135 1214 2166 in
1242 2135 1326 2166 Hor.

141 2185 597 2218 e.g.s.1213=a.p.421.
644 2178 951 2218 s.1674:ep.11
971 2178 1011 2217 55
1029 2178 1152 2209 Obbar.
