<?xml version="1.0" encoding="UTF-8"?>
<!DOCTYPE html PUBLIC "-//W3C//DTD XHTML 1.0 Transitional//EN"
    "http://www.w3.org/TR/xhtml1/DTD/xhtml1-transitional.dtd">
<html xmlns="http://www.w3.org/1999/xhtml" xml:lang="en" lang="en">
 <head>
  <title>
</title>
<meta http-equiv="Content-Type" content="text/html;charset=utf-8" />
  <meta name='ocr-system' content='tesseract 3.04.00' />
  <meta name='ocr-capabilities' content='ocr_page ocr_carea ocr_par ocr_line ocrx_word'/>
</head>
<body>
  <div class='ocr_page' id='page_1' title='image "./juvenalforschool04juveuoft_0048.png"; bbox 0 0 1458 2476; ppageno 0'>
   <div class='ocr_carea' id='block_1_1' title="bbox 192 194 831 242">
    <p class='ocr_par' dir='ltr' id='par_1_1' title="bbox 192 194 831 242">
     <span class='ocr_line' id='line_1_1' title="bbox 192 194 831 242; baseline -0.002 -11"><span class='ocrx_word' id='word_1_1' title='bbox 192 195 240 242; x_wconf 79' lang='lat'>36</span> <span class='ocrx_word' id='word_1_2' title='bbox 734 194 831 231; x_wconf 85' lang='lat' dir='ltr'>XVI</span> 
     </span>
    </p>
   </div>
   <div class='ocr_carea' id='block_1_2' title="bbox 173 279 1379 2069">
    <p class='ocr_par' dir='ltr' id='par_1_2' title="bbox 188 279 1379 329">
     <span class='ocr_line' id='line_1_2' title="bbox 188 279 1379 329; baseline -0.001 -10"><span class='ocrx_word' id='word_1_3' title='bbox 188 280 360 319; x_wconf 84' lang='lat' dir='ltr'>vindicta</span> <span class='ocrx_word' id='word_1_4' title='bbox 388 288 425 319; x_wconf 90' lang='lat' dir='ltr'>et</span> <span class='ocrx_word' id='word_1_5' title='bbox 452 279 603 329; x_wconf 85' lang='lat' dir='ltr'>gravior</span> <span class='ocrx_word' id='word_1_6' title='bbox 631 293 748 329; x_wconf 88' lang='lat' dir='ltr'>quam</span> <span class='ocrx_word' id='word_1_7' title='bbox 778 279 923 318; x_wconf 79' lang='lat' dir='ltr'>iniuria.</span> <span class='ocrx_word' id='word_1_8' title='bbox 998 280 1159 329; x_wconf 86' lang='lat' dir='ltr'>dignum</span> <span class='ocrx_word' id='word_1_9' title='bbox 1190 279 1260 318; x_wconf 90' lang='lat' dir='ltr'>erit</span> <span class='ocrx_word' id='word_1_10' title='bbox 1288 293 1379 329; x_wconf 87' lang='lat' dir='ltr'>ergo</span> 
     </span>
    </p>

    <p class='ocr_par' dir='ltr' id='par_1_3' title="bbox 188 344 976 394">
     <span class='ocr_line' id='line_1_3' title="bbox 188 344 976 394; baseline -0.003 -10"><span class='ocrx_word' id='word_1_11' title='bbox 188 344 458 384; x_wconf 86' lang='lat' dir='ltr'>declamatoris</span> <span class='ocrx_word' id='word_1_12' title='bbox 487 344 636 382; x_wconf 87' lang='lat' dir='ltr'>mulino</span> <span class='ocrx_word' id='word_1_13' title='bbox 665 345 784 383; x_wconf 90' lang='lat' dir='ltr'>corde</span> <span class='ocrx_word' id='word_1_14' title='bbox 812 344 976 394; x_wconf 82' lang='lat' dir='ltr'>Vagelli,</span> 
     </span>
    </p>

    <p class='ocr_par' dir='ltr' id='par_1_4' title="bbox 187 408 1293 457">
     <span class='ocr_line' id='line_1_4' title="bbox 187 408 1293 457; baseline 0 -11"><span class='ocrx_word' id='word_1_15' title='bbox 187 422 277 446; x_wconf 89' lang='lat' dir='ltr'>cum</span> <span class='ocrx_word' id='word_1_16' title='bbox 306 409 386 446; x_wconf 92' lang='lat' dir='ltr'>duo</span> <span class='ocrx_word' id='word_1_17' title='bbox 415 421 525 445; x_wconf 89' lang='lat' dir='ltr'>crura</span> <span class='ocrx_word' id='word_1_18' title='bbox 552 409 706 456; x_wconf 84' lang='lat' dir='ltr'>habeas,</span> <span class='ocrx_word' id='word_1_19' title='bbox 738 409 936 447; x_wconf 83' lang='lat' dir='ltr'>offendere</span> <span class='ocrx_word' id='word_1_20' title='bbox 965 415 1023 446; x_wconf 90' lang='lat' dir='ltr'>tot</span> <span class='ocrx_word' id='word_1_21' title='bbox 1052 408 1205 457; x_wconf 78' lang='lat' dir='ltr'>caligas,</span> <span class='ocrx_word' id='word_1_22' title='bbox 1236 416 1293 446; x_wconf 90' lang='lat' dir='ltr'>tot</span> 
     </span>
    </p>

    <p class='ocr_par' dir='ltr' id='par_1_5' title="bbox 186 473 1373 523">
     <span class='ocr_line' id='line_1_5' title="bbox 186 473 1373 523; baseline -0.001 -13"><span class='ocrx_word' id='word_1_23' title='bbox 186 473 291 510; x_wconf 89' lang='lat' dir='ltr'>milia</span> <span class='ocrx_word' id='word_1_24' title='bbox 319 474 527 510; x_wconf 86' lang='lat' dir='ltr'>clavorum.</span> <span class='ocrx_word' id='word_1_25' title='bbox 586 473 671 522; x_wconf 86' lang='lat' dir='ltr'>quis</span> <span class='ocrx_word' id='word_1_26' title='bbox 699 480 779 511; x_wconf 89' lang='lat' dir='ltr'>tam</span> <span class='ocrx_word' id='word_1_27' title='bbox 807 474 941 523; x_wconf 87' lang='lat' dir='ltr'>procul</span> <span class='ocrx_word' id='word_1_28' title='bbox 970 473 1068 511; x_wconf 87' lang='lat' dir='ltr'>absit</span> <span class='ocrx_word' id='word_1_29' title='bbox 1097 473 1145 511; x_wconf 89' lang='lat' dir='ltr'>ab</span> <span class='ocrx_word' id='word_1_30' title='bbox 1174 474 1268 511; x_wconf 91' lang='lat' dir='ltr'>urbe</span> <span class='ocrx_word' id='word_1_31' title='bbox 1328 484 1373 523; x_wconf 90' lang='lat'>25</span> 
     </span>
    </p>

    <p class='ocr_par' dir='ltr' id='par_1_6' title="bbox 184 536 1305 586">
     <span class='ocr_line' id='line_1_6' title="bbox 184 536 1305 586; baseline -0.001 -11"><span class='ocrx_word' id='word_1_32' title='bbox 184 545 393 586; x_wconf 86' lang='lat' dir='ltr'>praeterea,</span> <span class='ocrx_word' id='word_1_33' title='bbox 426 537 510 586; x_wconf 85' lang='lat' dir='ltr'>quis</span> <span class='ocrx_word' id='word_1_34' title='bbox 539 545 618 575; x_wconf 87' lang='lat' dir='ltr'>tam</span> <span class='ocrx_word' id='word_1_35' title='bbox 648 538 826 586; x_wconf 85' lang='lat' dir='ltr'>Pylades,</span> <span class='ocrx_word' id='word_1_36' title='bbox 856 539 1002 575; x_wconf 91' lang='lat' dir='ltr'>molem</span> <span class='ocrx_word' id='word_1_37' title='bbox 1031 536 1178 586; x_wconf 76' lang='lat' dir='ltr'><strong>aggeris</strong></span> <span class='ocrx_word' id='word_1_38' title='bbox 1207 538 1305 575; x_wconf 88' lang='lat' dir='ltr'>ultra</span> 
     </span>
    </p>

    <p class='ocr_par' dir='ltr' id='par_1_7' title="bbox 186 601 1195 651">
     <span class='ocr_line' id='line_1_7' title="bbox 186 601 1195 651; baseline 0.002 -13"><span class='ocrx_word' id='word_1_39' title='bbox 186 609 229 639; x_wconf 87' lang='lat' dir='ltr'>ut</span> <span class='ocrx_word' id='word_1_40' title='bbox 256 601 414 640; x_wconf 88' lang='lat' dir='ltr'>veniat?</span> <span class='ocrx_word' id='word_1_41' title='bbox 442 601 622 639; x_wconf 73' lang='lat' dir='ltr'>lacrimae</span> <span class='ocrx_word' id='word_1_42' title='bbox 651 601 843 640; x_wconf 80' lang='lat' dir='ltr'>siccentur</span> <span class='ocrx_word' id='word_1_43' title='bbox 870 601 1057 651; x_wconf 82' lang='lat' dir='ltr'>protinus,</span> <span class='ocrx_word' id='word_1_44' title='bbox 1089 609 1126 640; x_wconf 89' lang='lat' dir='ltr'>et</span> <span class='ocrx_word' id='word_1_45' title='bbox 1154 615 1195 640; x_wconf 90' lang='lat' dir='ltr'>se</span> 
     </span>
    </p>

    <p class='ocr_par' dir='ltr' id='par_1_8' title="bbox 185 666 1007 705">
     <span class='ocr_line' id='line_1_8' title="bbox 185 666 1007 705; baseline 0 -1"><span class='ocrx_word' id='word_1_46' title='bbox 185 674 434 704; x_wconf 81' lang='lat' dir='ltr'>excusaturos</span> <span class='ocrx_word' id='word_1_47' title='bbox 463 680 543 704; x_wconf 91' lang='lat' dir='ltr'>non</span> <span class='ocrx_word' id='word_1_48' title='bbox 572 666 821 705; x_wconf 82' lang='lat' dir='ltr'>sollicitemus</span> <span class='ocrx_word' id='word_1_49' title='bbox 851 667 1007 705; x_wconf 85' lang='lat' dir='ltr'>amicos.</span> 
     </span>
    </p>

    <p class='ocr_par' dir='ltr' id='par_1_9' title="bbox 184 730 1156 777">
     <span class='ocr_line' id='line_1_9' title="bbox 184 730 1156 777; baseline 0 -9"><span class='ocrx_word' id='word_1_50' title='bbox 184 732 257 768; x_wconf 84' lang='lat' dir='ltr'>‘da</span> <span class='ocrx_word' id='word_1_51' title='bbox 285 731 440 770; x_wconf 87' lang='lat' dir='ltr'>testem’</span> <span class='ocrx_word' id='word_1_52' title='bbox 469 730 588 768; x_wconf 84' lang='lat' dir='ltr'>iudex</span> <span class='ocrx_word' id='word_1_53' title='bbox 623 743 713 768; x_wconf 90' lang='lat' dir='ltr'>cum</span> <span class='ocrx_word' id='word_1_54' title='bbox 743 730 890 777; x_wconf 79' lang='lat' dir='ltr'>dixerit,</span> <span class='ocrx_word' id='word_1_55' title='bbox 922 731 1064 768; x_wconf 88' lang='lat' dir='ltr'>audeat</span> <span class='ocrx_word' id='word_1_56' title='bbox 1092 731 1156 769; x_wconf 88' lang='lat' dir='ltr'>ille</span> 
     </span>
    </p>

    <p class='ocr_par' dir='ltr' id='par_1_10' title="bbox 182 793 1372 844">
     <span class='ocr_line' id='line_1_10' title="bbox 182 793 1372 844; baseline -0.001 -12"><span class='ocrx_word' id='word_1_57' title='bbox 182 795 313 833; x_wconf 89' lang='lat' dir='ltr'>nescio</span> <span class='ocrx_word' id='word_1_58' title='bbox 343 795 439 844; x_wconf 81' lang='lat' dir='ltr'>quis,</span> <span class='ocrx_word' id='word_1_59' title='bbox 471 806 621 843; x_wconf 84' lang='lat' dir='ltr'>pugnos</span> <span class='ocrx_word' id='word_1_60' title='bbox 652 794 718 842; x_wconf 82' lang='lat' dir='ltr'>qui</span> <span class='ocrx_word' id='word_1_61' title='bbox 746 794 853 840; x_wconf 85' lang='lat' dir='ltr'>vidit,</span> <span class='ocrx_word' id='word_1_62' title='bbox 884 794 1013 832; x_wconf 82' lang='lat' dir='ltr'><strong>dicere</strong></span> <span class='ocrx_word' id='word_1_63' title='bbox 1043 793 1165 841; x_wconf 85' lang='lat' dir='ltr'>‘vidi&#39;,</span> <span class='ocrx_word' id='word_1_64' title='bbox 1322 808 1372 843; x_wconf 87' lang='lat'>30</span> 
     </span>
    </p>

    <p class='ocr_par' dir='ltr' id='par_1_11' title="bbox 181 858 1186 908">
     <span class='ocr_line' id='line_1_11' title="bbox 181 858 1186 908; baseline -0.003 -10"><span class='ocrx_word' id='word_1_65' title='bbox 181 868 219 898; x_wconf 87' lang='lat' dir='ltr'>et</span> <span class='ocrx_word' id='word_1_66' title='bbox 248 861 404 898; x_wconf 85' lang='lat' dir='ltr'>credam</span> <span class='ocrx_word' id='word_1_67' title='bbox 434 859 594 908; x_wconf 82' lang='lat' dir='ltr'>dignum</span> <span class='ocrx_word' id='word_1_68' title='bbox 623 859 743 896; x_wconf 86' lang='lat' dir='ltr'>barba</span> <span class='ocrx_word' id='word_1_69' title='bbox 771 858 1011 908; x_wconf 82' lang='lat' dir='ltr'>dignumque</span> <span class='ocrx_word' id='word_1_70' title='bbox 1040 858 1186 907; x_wconf 80' lang='lat' dir='ltr'>capillis</span> 
     </span>
    </p>

    <p class='ocr_par' dir='ltr' id='par_1_12' title="bbox 180 924 1133 973">
     <span class='ocr_line' id='line_1_12' title="bbox 180 924 1133 973; baseline -0.003 -11"><span class='ocrx_word' id='word_1_71' title='bbox 180 925 383 963; x_wconf 87' lang='lat' dir='ltr'>maiorum.</span> <span class='ocrx_word' id='word_1_72' title='bbox 441 924 552 962; x_wconf 90' lang='lat' dir='ltr'>citius</span> <span class='ocrx_word' id='word_1_73' title='bbox 582 924 720 961; x_wconf 87' lang='lat' dir='ltr'>falsum</span> <span class='ocrx_word' id='word_1_74' title='bbox 750 925 966 973; x_wconf 89' lang='lat' dir='ltr'>producere</span> <span class='ocrx_word' id='word_1_75' title='bbox 994 931 1133 961; x_wconf 86' lang='lat' dir='ltr'>testem</span> 
     </span>
    </p>

    <p class='ocr_par' dir='ltr' id='par_1_13' title="bbox 181 987 1224 1039">
     <span class='ocr_line' id='line_1_13' title="bbox 181 987 1224 1039; baseline -0.003 -13"><span class='ocrx_word' id='word_1_76' title='bbox 181 997 314 1028; x_wconf 90' lang='lat' dir='ltr'>contra</span> <span class='ocrx_word' id='word_1_77' title='bbox 342 1001 538 1039; x_wconf 85' lang='lat' dir='ltr'>paganum</span> <span class='ocrx_word' id='word_1_78' title='bbox 566 987 701 1036; x_wconf 86' lang='lat' dir='ltr'>possis,</span> <span class='ocrx_word' id='word_1_79' title='bbox 734 1000 852 1036; x_wconf 83' lang='lat' dir='ltr'>quam</span> <span class='ocrx_word' id='word_1_80' title='bbox 881 1000 971 1025; x_wconf 92' lang='lat' dir='ltr'>vera</span> <span class='ocrx_word' id='word_1_81' title='bbox 998 987 1224 1036; x_wconf 86' lang='lat' dir='ltr'>loquentem</span> 
     </span>
    </p>

    <p class='ocr_par' dir='ltr' id='par_1_14' title="bbox 179 1052 1362 1167">
     <span class='ocr_line' id='line_1_14' title="bbox 179 1052 1169 1101; baseline 0.001 -10"><span class='ocrx_word' id='word_1_82' title='bbox 179 1061 314 1091; x_wconf 89' lang='lat' dir='ltr'>contra</span> <span class='ocrx_word' id='word_1_83' title='bbox 341 1055 535 1091; x_wconf 86' lang='lat' dir='ltr'>fortunam</span> <span class='ocrx_word' id='word_1_84' title='bbox 563 1052 698 1089; x_wconf 89' lang='lat' dir='ltr'>armati</span> <span class='ocrx_word' id='word_1_85' title='bbox 728 1059 939 1100; x_wconf 79' lang='lat' dir='ltr'>contraque</span> <span class='ocrx_word' id='word_1_86' title='bbox 968 1053 1169 1101; x_wconf 87' lang='lat' dir='ltr'>pudorem.</span> 
     </span>
     <span class='ocr_line' id='line_1_15' title="bbox 232 1116 1362 1167; baseline 0 -11"><span class='ocrx_word' id='word_1_87' title='bbox 232 1118 409 1156; x_wconf 86' lang='lat' dir='ltr'>Praemia</span> <span class='ocrx_word' id='word_1_88' title='bbox 421 1130 525 1155; x_wconf 90' lang='lat' dir='ltr'>nunc</span> <span class='ocrx_word' id='word_1_89' title='bbox 537 1116 611 1155; x_wconf 88' lang='lat' dir='ltr'>alia</span> <span class='ocrx_word' id='word_1_90' title='bbox 623 1124 738 1166; x_wconf 85' lang='lat' dir='ltr'>atque</span> <span class='ocrx_word' id='word_1_91' title='bbox 752 1117 826 1154; x_wconf 87' lang='lat' dir='ltr'>alia</span> <span class='ocrx_word' id='word_1_92' title='bbox 838 1118 1103 1155; x_wconf 83' lang='lat' dir='ltr'>emolumenta</span> <span class='ocrx_word' id='word_1_93' title='bbox 1121 1126 1301 1156; x_wconf 89' lang='lat' dir='ltr'>notemus</span> <span class='ocrx_word' id='word_1_94' title='bbox 1316 1131 1336 1166; x_wconf 85' lang='lat'>3</span> <span class='ocrx_word' id='word_1_95' title='bbox 1343 1129 1362 1167; x_wconf 85' lang='lat'>5</span> 
     </span>
    </p>

    <p class='ocr_par' dir='ltr' id='par_1_15' title="bbox 179 1179 1035 1219">
     <span class='ocr_line' id='line_1_16' title="bbox 179 1179 1035 1219; baseline -0.001 -1"><span class='ocrx_word' id='word_1_96' title='bbox 179 1187 519 1219; x_wconf 85' lang='lat' dir='ltr'>sacramentorum.</span> <span class='ocrx_word' id='word_1_97' title='bbox 577 1181 794 1217; x_wconf 80' lang='lat' dir='ltr'>convallem</span> <span class='ocrx_word' id='word_1_98' title='bbox 822 1179 916 1217; x_wconf 90' lang='lat' dir='ltr'>ruris</span> <span class='ocrx_word' id='word_1_99' title='bbox 945 1180 1035 1217; x_wconf 86' lang='lat' dir='ltr'>aviti</span> 
     </span>
    </p>

    <p class='ocr_par' dir='ltr' id='par_1_16' title="bbox 178 1243 1226 1295">
     <span class='ocr_line' id='line_1_17' title="bbox 178 1243 1226 1295; baseline -0.001 -12"><span class='ocrx_word' id='word_1_100' title='bbox 178 1245 375 1295; x_wconf 87' lang='lat' dir='ltr'>improbus</span> <span class='ocrx_word' id='word_1_101' title='bbox 403 1252 470 1282; x_wconf 87' lang='lat' dir='ltr'>aut</span> <span class='ocrx_word' id='word_1_102' title='bbox 499 1257 681 1293; x_wconf 86' lang='lat' dir='ltr'>campum</span> <span class='ocrx_word' id='word_1_103' title='bbox 710 1243 805 1281; x_wconf 87' lang='lat' dir='ltr'>mihi</span> <span class='ocrx_word' id='word_1_104' title='bbox 833 1244 864 1281; x_wconf 84' lang='lat' dir='ltr'>si</span> <span class='ocrx_word' id='word_1_105' title='bbox 892 1243 1041 1282; x_wconf 82' lang='lat' dir='ltr'>vicinus</span> <span class='ocrx_word' id='word_1_106' title='bbox 1069 1245 1226 1292; x_wconf 86' lang='lat' dir='ltr'>ademit,</span> 
     </span>
    </p>

    <p class='ocr_par' dir='ltr' id='par_1_17' title="bbox 178 1308 1119 1357">
     <span class='ocr_line' id='line_1_18' title="bbox 178 1308 1119 1357; baseline -0.004 -7"><span class='ocrx_word' id='word_1_107' title='bbox 178 1319 215 1350; x_wconf 86' lang='lat' dir='ltr'>et</span> <span class='ocrx_word' id='word_1_108' title='bbox 244 1323 395 1348; x_wconf 89' lang='lat' dir='ltr'>sacrum</span> <span class='ocrx_word' id='word_1_109' title='bbox 424 1309 557 1347; x_wconf 87' lang='lat' dir='ltr'>effodit</span> <span class='ocrx_word' id='word_1_110' title='bbox 586 1308 718 1347; x_wconf 88' lang='lat' dir='ltr'>medio</span> <span class='ocrx_word' id='word_1_111' title='bbox 747 1310 796 1347; x_wconf 90' lang='lat' dir='ltr'>de</span> <span class='ocrx_word' id='word_1_112' title='bbox 824 1308 946 1347; x_wconf 90' lang='lat' dir='ltr'>limite</span> <span class='ocrx_word' id='word_1_113' title='bbox 975 1322 1119 1357; x_wconf 83' lang='lat' dir='ltr'>saxum,</span> 
     </span>
    </p>

    <p class='ocr_par' dir='ltr' id='par_1_18' title="bbox 177 1373 1217 1425">
     <span class='ocr_line' id='line_1_19' title="bbox 177 1373 1217 1425; baseline -0.002 -11"><span class='ocrx_word' id='word_1_114' title='bbox 177 1376 284 1425; x_wconf 90' lang='lat' dir='ltr'>quod</span> <span class='ocrx_word' id='word_1_115' title='bbox 313 1387 400 1412; x_wconf 88' lang='lat' dir='ltr'>mea</span> <span class='ocrx_word' id='word_1_116' title='bbox 429 1387 518 1411; x_wconf 90' lang='lat' dir='ltr'>cum</span> <span class='ocrx_word' id='word_1_117' title='bbox 546 1375 679 1422; x_wconf 85' lang='lat' dir='ltr'>patulo</span> <span class='ocrx_word' id='word_1_118' title='bbox 708 1373 827 1411; x_wconf 88' lang='lat' dir='ltr'>coluit</span> <span class='ocrx_word' id='word_1_119' title='bbox 855 1375 940 1422; x_wconf 91' lang='lat' dir='ltr'>puls</span> <span class='ocrx_word' id='word_1_120' title='bbox 969 1387 1099 1411; x_wconf 89' lang='lat' dir='ltr'>annua</span> <span class='ocrx_word' id='word_1_121' title='bbox 1127 1374 1217 1421; x_wconf 85' lang='lat' dir='ltr'>libo,</span> 
     </span>
    </p>

    <p class='ocr_par' dir='ltr' id='par_1_19' title="bbox 176 1437 1364 1487">
     <span class='ocr_line' id='line_1_20' title="bbox 176 1437 1364 1487; baseline -0.003 -9"><span class='ocrx_word' id='word_1_122' title='bbox 176 1440 328 1478; x_wconf 88' lang='lat' dir='ltr'>debitor</span> <span class='ocrx_word' id='word_1_123' title='bbox 356 1446 422 1477; x_wconf 87' lang='lat' dir='ltr'>aut</span> <span class='ocrx_word' id='word_1_124' title='bbox 450 1446 625 1487; x_wconf 88' lang='lat' dir='ltr'>sumptos</span> <span class='ocrx_word' id='word_1_125' title='bbox 654 1437 776 1487; x_wconf 84' lang='lat' dir='ltr'>pergit</span> <span class='ocrx_word' id='word_1_126' title='bbox 804 1451 884 1475; x_wconf 88' lang='lat' dir='ltr'>non</span> <span class='ocrx_word' id='word_1_127' title='bbox 913 1439 1075 1476; x_wconf 86' lang='lat' dir='ltr'>reddere</span> <span class='ocrx_word' id='word_1_128' title='bbox 1104 1451 1294 1486; x_wconf 83' lang='lat' dir='ltr'>nummos,</span> <span class='ocrx_word' id='word_1_129' title='bbox 1315 1451 1364 1485; x_wconf 92' lang='lat'>40</span> 
     </span>
    </p>

    <p class='ocr_par' dir='ltr' id='par_1_20' title="bbox 175 1502 1105 1553">
     <span class='ocr_line' id='line_1_21' title="bbox 175 1502 1105 1553; baseline -0.004 -10"><span class='ocrx_word' id='word_1_130' title='bbox 175 1518 275 1542; x_wconf 89' lang='lat' dir='ltr'>vana</span> <span class='ocrx_word' id='word_1_131' title='bbox 303 1502 529 1553; x_wconf 87' lang='lat' dir='ltr'>supervacui</span> <span class='ocrx_word' id='word_1_132' title='bbox 558 1502 691 1540; x_wconf 89' lang='lat' dir='ltr'>dicens</span> <span class='ocrx_word' id='word_1_133' title='bbox 721 1502 975 1551; x_wconf 82' lang='lat' dir='ltr'>chirographa</span> <span class='ocrx_word' id='word_1_134' title='bbox 1003 1502 1105 1552; x_wconf 87' lang='lat' dir='ltr'>ligni,</span> 
     </span>
    </p>

    <p class='ocr_par' dir='ltr' id='par_1_21' title="bbox 175 1565 1086 1618">
     <span class='ocr_line' id='line_1_22' title="bbox 175 1565 1086 1618; baseline -0.004 -11"><span class='ocrx_word' id='word_1_135' title='bbox 175 1569 439 1618; x_wconf 85' lang='lat' dir='ltr'>expectandus</span> <span class='ocrx_word' id='word_1_136' title='bbox 469 1566 539 1604; x_wconf 87' lang='lat' dir='ltr'>erit</span> <span class='ocrx_word' id='word_1_137' title='bbox 568 1565 634 1615; x_wconf 82' lang='lat' dir='ltr'>qui</span> <span class='ocrx_word' id='word_1_138' title='bbox 663 1566 747 1604; x_wconf 88' lang='lat' dir='ltr'>lites</span> <span class='ocrx_word' id='word_1_139' title='bbox 776 1566 934 1604; x_wconf 85' lang='lat' dir='ltr'>inchoet</span> <span class='ocrx_word' id='word_1_140' title='bbox 962 1579 1086 1603; x_wconf 89' lang='lat' dir='ltr'>annus</span> 
     </span>
    </p>

    <p class='ocr_par' dir='ltr' id='par_1_22' title="bbox 175 1628 1205 1680">
     <span class='ocr_line' id='line_1_23' title="bbox 175 1628 1205 1680; baseline -0.003 -10"><span class='ocrx_word' id='word_1_141' title='bbox 175 1632 292 1670; x_wconf 89' lang='lat' dir='ltr'>totius</span> <span class='ocrx_word' id='word_1_142' title='bbox 320 1630 455 1680; x_wconf 89' lang='lat' dir='ltr'>populi</span> <span class='ocrx_word' id='word_1_143' title='bbox 469 1644 479 1677; x_wconf 77' lang='lat'><em>3</em></span> <span class='ocrx_word' id='word_1_144' title='bbox 508 1630 576 1667; x_wconf 90' lang='lat' dir='ltr'>sed</span> <span class='ocrx_word' id='word_1_145' title='bbox 605 1637 698 1667; x_wconf 90' lang='lat' dir='ltr'>tunc</span> <span class='ocrx_word' id='word_1_146' title='bbox 727 1642 884 1678; x_wconf 84' lang='lat' dir='ltr'>quoque</span> <span class='ocrx_word' id='word_1_147' title='bbox 911 1628 1017 1667; x_wconf 87' lang='lat' dir='ltr'>mille</span> <span class='ocrx_word' id='word_1_148' title='bbox 1045 1630 1205 1667; x_wconf 86' lang='lat' dir='ltr'>ferenda</span> 
     </span>
    </p>

    <p class='ocr_par' dir='ltr' id='par_1_23' title="bbox 174 1693 1188 1743">
     <span class='ocr_line' id='line_1_24' title="bbox 174 1693 1188 1743; baseline -0.005 -8"><span class='ocrx_word' id='word_1_149' title='bbox 174 1696 312 1743; x_wconf 88' lang='lat' dir='ltr'>taedia,</span> <span class='ocrx_word' id='word_1_150' title='bbox 342 1695 447 1733; x_wconf 90' lang='lat' dir='ltr'>mille</span> <span class='ocrx_word' id='word_1_151' title='bbox 476 1707 630 1733; x_wconf 88' lang='lat' dir='ltr'>morae:</span> <span class='ocrx_word' id='word_1_152' title='bbox 660 1694 800 1732; x_wconf 91' lang='lat' dir='ltr'>totiens</span> <span class='ocrx_word' id='word_1_153' title='bbox 829 1693 1010 1732; x_wconf 86' lang='lat' dir='ltr'>subsellia</span> <span class='ocrx_word' id='word_1_154' title='bbox 1037 1701 1188 1731; x_wconf 86' lang='lat' dir='ltr'>tantum</span> 
     </span>
    </p>

    <p class='ocr_par' dir='ltr' id='par_1_24' title="bbox 174 1759 1357 1808">
     <span class='ocr_line' id='line_1_25' title="bbox 174 1759 1357 1808; baseline -0.004 -9"><span class='ocrx_word' id='word_1_155' title='bbox 174 1767 412 1806; x_wconf 79' lang='lat' dir='ltr'>sternuntur3</span> <span class='ocrx_word' id='word_1_156' title='bbox 441 1759 517 1796; x_wconf 83' lang='lat' dir='ltr'>iarn</span> <span class='ocrx_word' id='word_1_157' title='bbox 547 1759 716 1796; x_wconf 87' lang='lat' dir='ltr'>facundo</span> <span class='ocrx_word' id='word_1_158' title='bbox 745 1765 916 1807; x_wconf 90' lang='lat' dir='ltr'>ponente</span> <span class='ocrx_word' id='word_1_159' title='bbox 944 1759 1117 1796; x_wconf 87' lang='lat' dir='ltr'>lacernas</span> <span class='ocrx_word' id='word_1_160' title='bbox 1310 1770 1357 1808; x_wconf 87' lang='lat'>45</span> 
     </span>
    </p>

    <p class='ocr_par' dir='ltr' id='par_1_25' title="bbox 174 1821 1121 1870">
     <span class='ocr_line' id='line_1_26' title="bbox 174 1821 1121 1870; baseline -0.005 -6"><span class='ocrx_word' id='word_1_161' title='bbox 174 1824 360 1864; x_wconf 89' lang='lat' dir='ltr'>Caedicio</span> <span class='ocrx_word' id='word_1_162' title='bbox 389 1830 427 1862; x_wconf 90' lang='lat' dir='ltr'>et</span> <span class='ocrx_word' id='word_1_163' title='bbox 456 1824 583 1860; x_wconf 88' lang='lat' dir='ltr'>Fusco</span> <span class='ocrx_word' id='word_1_164' title='bbox 611 1821 688 1859; x_wconf 87' lang='lat' dir='ltr'>iam</span> <span class='ocrx_word' id='word_1_165' title='bbox 717 1821 968 1869; x_wconf 87' lang='lat' dir='ltr'>micturiente,</span> <span class='ocrx_word' id='word_1_166' title='bbox 999 1822 1121 1870; x_wconf 87' lang='lat' dir='ltr'>parati</span> 
     </span>
    </p>

    <p class='ocr_par' dir='ltr' id='par_1_26' title="bbox 173 1886 1143 1939">
     <span class='ocr_line' id='line_1_27' title="bbox 173 1886 1143 1939; baseline -0.005 -11"><span class='ocrx_word' id='word_1_167' title='bbox 173 1889 409 1939; x_wconf 84' lang='lat' dir='ltr'>digredimur</span> <span class='ocrx_word' id='word_1_168' title='bbox 436 1888 619 1935; x_wconf 87' lang='lat' dir='ltr'>lentaque</span> <span class='ocrx_word' id='word_1_169' title='bbox 647 1886 718 1924; x_wconf 89' lang='lat' dir='ltr'>fori</span> <span class='ocrx_word' id='word_1_170' title='bbox 746 1898 963 1935; x_wconf 84' lang='lat' dir='ltr'>pugnamus</span> <span class='ocrx_word' id='word_1_171' title='bbox 991 1887 1143 1925; x_wconf 90' lang='lat' dir='ltr'>harena.</span> 
     </span>
    </p>

    <p class='ocr_par' dir='ltr' id='par_1_27' title="bbox 173 1951 1168 2002">
     <span class='ocr_line' id='line_1_28' title="bbox 173 1951 1168 2002; baseline -0.004 -9"><span class='ocrx_word' id='word_1_172' title='bbox 173 1963 231 1993; x_wconf 88' lang='lat' dir='ltr'>ast</span> <span class='ocrx_word' id='word_1_173' title='bbox 259 1954 343 1999; x_wconf 81' lang='lat' dir='ltr'>illis,</span> <span class='ocrx_word' id='word_1_174' title='bbox 374 1965 470 2002; x_wconf 88' lang='lat' dir='ltr'>quos</span> <span class='ocrx_word' id='word_1_175' title='bbox 500 1964 606 1989; x_wconf 85' lang='lat' dir='ltr'>arma</span> <span class='ocrx_word' id='word_1_176' title='bbox 633 1958 767 2001; x_wconf 82' lang='lat' dir='ltr'>tegunt</span> <span class='ocrx_word' id='word_1_177' title='bbox 796 1959 834 1989; x_wconf 92' lang='lat' dir='ltr'>et</span> <span class='ocrx_word' id='word_1_178' title='bbox 862 1951 1009 1990; x_wconf 86' lang='lat' dir='ltr'>balteus</span> <span class='ocrx_word' id='word_1_179' title='bbox 1038 1951 1168 1999; x_wconf 88' lang='lat' dir='ltr'>ambit,</span> 
     </span>
    </p>

    <p class='ocr_par' dir='ltr' id='par_1_28' title="bbox 173 2015 1297 2069">
     <span class='ocr_line' id='line_1_29' title="bbox 173 2015 1297 2069; baseline -0.002 -12"><span class='ocrx_word' id='word_1_180' title='bbox 173 2019 280 2069; x_wconf 86' lang='lat' dir='ltr'>quod</span> <span class='ocrx_word' id='word_1_181' title='bbox 308 2017 493 2067; x_wconf 90' lang='lat' dir='ltr'>placitum</span> <span class='ocrx_word' id='word_1_182' title='bbox 522 2023 578 2054; x_wconf 88' lang='lat' dir='ltr'>est</span> <span class='ocrx_word' id='word_1_183' title='bbox 607 2015 698 2064; x_wconf 90' lang='lat' dir='ltr'>ipsis</span> <span class='ocrx_word' id='word_1_184' title='bbox 726 2023 939 2065; x_wconf 87' lang='lat' dir='ltr'>praestatur</span> <span class='ocrx_word' id='word_1_185' title='bbox 967 2024 1119 2065; x_wconf 88' lang='lat' dir='ltr'>tempus</span> <span class='ocrx_word' id='word_1_186' title='bbox 1148 2017 1297 2066; x_wconf 84' lang='lat' dir='ltr'>agendi,</span> 
     </span>
    </p>
   </div>
   <div class='ocr_carea' id='block_1_3' title="bbox 173 2156 1336 2254">
    <p class='ocr_par' dir='ltr' id='par_1_29' title="bbox 173 2156 1336 2254">
     <span class='ocr_line' id='line_1_30' title="bbox 238 2156 1336 2200; baseline 0.001 -12"><span class='ocrx_word' id='word_1_187' title='bbox 238 2168 276 2197; x_wconf 76' lang='lat'>23</span> <span class='ocrx_word' id='word_1_188' title='bbox 301 2158 475 2189; x_wconf 85' lang='lat' dir='ltr'>mutinensi</span> <span class='ocrx_word' id='word_1_189' title='bbox 498 2158 553 2188; x_wconf 79' lang='lat' dir='ltr'>Ss·</span> <span class='ocrx_word' id='word_1_190' title='bbox 572 2156 576 2195; x_wconf 84' lang='grc' dir='ltr'>Ι</span> <span class='ocrx_word' id='word_1_191' title='bbox 599 2168 638 2197; x_wconf 73' lang='lat'>24</span> <span class='ocrx_word' id='word_1_192' title='bbox 662 2159 704 2189; x_wconf 89' lang='lat' dir='ltr'>du</span> <span class='ocrx_word' id='word_1_193' title='bbox 721 2157 773 2200; x_wconf 76' lang='grc' dir='ltr'>ΡΙ</span> <span class='ocrx_word' id='word_1_194' title='bbox 795 2159 948 2200; x_wconf 80' lang='lat' dir='ltr'>caligatos</span> <span class='ocrx_word' id='word_1_195' title='bbox 970 2160 1033 2190; x_wconf 77' lang='grc' dir='ltr'>ΡΞ·</span> <span class='ocrx_word' id='word_1_196' title='bbox 1053 2159 1057 2200; x_wconf 86' lang='grc' dir='ltr'>Ι</span> <span class='ocrx_word' id='word_1_197' title='bbox 1079 2169 1118 2200; x_wconf 84' lang='lat'>29</span> <span class='ocrx_word' id='word_1_198' title='bbox 1141 2158 1267 2190; x_wconf 83' lang='lat' dir='ltr'>duxerit</span> <span class='ocrx_word' id='word_1_199' title='bbox 1284 2158 1336 2199; x_wconf 72' lang='lat' dir='ltr'>Pl</span> 
     </span>
     <span class='ocr_line' id='line_1_31' title="bbox 173 2210 881 2254; baseline 0.001 -12"><span class='ocrx_word' id='word_1_200' title='bbox 173 2222 211 2254; x_wconf 77' lang='lat'>35</span> <span class='ocrx_word' id='word_1_201' title='bbox 236 2212 299 2243; x_wconf 89' lang='lat' dir='ltr'>alia</span> <span class='ocrx_word' id='word_1_202' title='bbox 315 2222 379 2243; x_wconf 91' lang='lat' dir='ltr'>om.</span> <span class='ocrx_word' id='word_1_203' title='bbox 397 2213 429 2243; x_wconf 81' lang='lat' dir='ltr'><em>P</em></span> <span class='ocrx_word' id='word_1_204' title='bbox 446 2210 451 2253; x_wconf 85' lang='grc' dir='ltr'>Ι</span> <span class='ocrx_word' id='word_1_205' title='bbox 472 2212 510 2252; x_wconf 82' lang='lat'>38</span> <span class='ocrx_word' id='word_1_206' title='bbox 534 2212 631 2242; x_wconf 86' lang='lat' dir='ltr'>effodi</span> <span class='ocrx_word' id='word_1_207' title='bbox 648 2213 681 2242; x_wconf 84' lang='lat' dir='ltr'><em>P</em></span> <span class='ocrx_word' id='word_1_208' title='bbox 697 2216 702 2253; x_wconf 83' lang='lat' dir='ltr'>l</span> <span class='ocrx_word' id='word_1_209' title='bbox 722 2213 761 2251; x_wconf 86' lang='lat'>48</span> <span class='ocrx_word' id='word_1_210' title='bbox 785 2212 831 2243; x_wconf 90' lang='lat' dir='ltr'>illi</span> <span class='ocrx_word' id='word_1_211' title='bbox 848 2214 881 2243; x_wconf 83' lang='lat' dir='ltr'><em>P</em></span> 
     </span>
    </p>
   </div>
  </div>
 </body>
</html>
