1458 2476
642 165 718 201 XV
1224 177 1270 212 29

90 248 318 288 crediderim
347 256 412 287 aut
440 248 546 287 tenui
574 262 799 298 percussum
829 250 986 288 verbere
1016 249 1147 289 Circes

91 322 128 352 et
156 327 245 352 cum
273 314 480 363 remigibus
507 315 707 364 grunnisse
739 317 932 369 Elpenora
960 314 1111 364 porcis:

90 386 169 416 tam
198 377 308 416 vacui
337 378 471 427 capitis
500 379 688 427 populum
720 380 897 417 Phaeaca
925 379 1120 428 putavit?’

90 440 145 479 sic
172 441 309 491 aliquis
337 442 474 480 merito
503 443 679 480 nondum
710 443 836 481 ebrius
864 451 902 481 et
931 443 1136 481 minimum
1166 443 1230 493 qui

91 505 140 542 de
170 505 386 554 Corcyraea
414 512 601 543 temetum
629 505 787 544 duxerat
817 519 912 544 urna
926 520 937 554 ;
1224 519 1267 556 25

91 569 196 607 solus
225 568 328 607 enim
356 569 454 607 haec
483 569 641 606 Ithacus
671 571 779 607 nullo
808 570 879 607 sub
909 577 1006 608 teste
1035 569 1210 608 canebat.

91 644 162 670 nos
191 631 366 670 miranda
394 631 565 681 quidem,
596 640 654 669 set
684 645 807 681 nuper
834 633 994 670 consule
1024 633 1149 670 Iunco

90 702 199 745 gesta
226 707 340 744 super
367 694 516 732 calidae
546 695 752 732 referemus
781 695 938 733 moenia
966 695 1093 745 Copti,

94 772 165 798 nos
192 759 295 809 volgi
323 760 448 798 scelus
477 767 514 797 et
543 759 692 797 cunctis
719 760 893 809 graviora
921 760 1128 798 cothurnis.
1225 773 1272 808 29

95 837 184 862 nam
203 825 337 871 scelus,
355 837 378 862 a
398 825 514 873 Pyrra
533 836 770 872 quamquam
791 823 924 861 omnia
943 831 1110 873 syrmata
1129 823 1272 869 volvas,

93 889 220 926 nullus
251 896 345 937 aput
374 887 537 937 tragicos
568 889 735 937 populus
764 888 863 925 facit.
921 887 1066 936 accipe,
1098 896 1230 926 nostro

94 953 176 992 dira
204 953 312 1001 quod
340 953 559 1001 exemplum
589 952 716 990 feritas
744 952 967 1001 produxerit
995 965 1102 991 aevo.

150 1017 255 1054 Inter
282 1016 465 1054 finitimos
494 1023 602 1054 vetus
631 1024 746 1065 atque
775 1016 934 1065 antiqua
961 1016 1144 1064 simultas,

94 1081 297 1119 inmortale
326 1080 460 1119 odium
490 1088 527 1118 et
555 1093 770 1129 numquam
799 1080 971 1118 sanabile
1000 1081 1137 1118 vulnus

94 1146 202 1183 ardet
221 1145 350 1182 adhuc
370 1145 520 1183 Ombos
541 1152 578 1182 et
597 1146 777 1194 Tentyra.
818 1157 990 1182 summus
1011 1144 1204 1193 utrimque
1225 1158 1246 1193 3
1253 1158 1271 1193 5

94 1209 186 1248 inde
213 1210 316 1248 furor
342 1210 469 1258 vulgo,
500 1210 608 1258 quod
636 1209 795 1246 numina
822 1208 1036 1247 vicinorum

95 1274 178 1312 odit
206 1281 366 1323 uterque
395 1274 512 1322 locus,
544 1287 633 1311 cum
661 1275 764 1312 solos
793 1275 925 1312 credat
952 1274 1156 1312 habendos

95 1351 179 1377 esse
208 1339 313 1386 deos,
344 1351 443 1388 quos
471 1337 553 1387 ipse
581 1338 684 1376 colit.
742 1339 812 1376 sed
840 1346 1014 1387 tempore
1043 1340 1141 1377 sesto

95 1402 249 1440 alterius
277 1402 413 1452 populi
440 1402 626 1452 rapienda
653 1402 807 1440 occasio
836 1402 985 1441 cunctis

96 1466 178 1504 visa
205 1466 449 1504 inimicorum
477 1465 708 1515 primoribus
736 1479 782 1504 ac
811 1466 984 1515 ducibus,
1015 1479 1064 1505 ne
1226 1482 1276 1513 40

98 1531 240 1568 laetum
268 1530 507 1579 hilaremque
536 1529 652 1576 diem,
683 1543 732 1568 ne
761 1544 924 1580 magnae
952 1531 1094 1580 gaudia
1122 1545 1241 1570 cenae

98 1594 282 1633 sentirent
310 1594 444 1643 positis
473 1595 523 1632 ad
551 1596 696 1644 templa
724 1603 762 1633 et
791 1595 961 1644 compita
988 1595 1131 1634 mensis

97 1657 346 1707 pervigilique
375 1665 471 1704 toro,
502 1671 618 1707 quem
648 1668 763 1696 nocte
791 1672 837 1696 ac
864 1660 951 1697 luce
979 1659 1170 1698 iacentem

99 1719 283 1769 septimus
311 1720 504 1758 interdurn
533 1722 590 1758 sol
619 1721 773 1759 invenit.
830 1722 985 1760 horrida
1011 1736 1105 1761 sane

99 1786 307 1834 Aegyptos,
338 1785 408 1822 sed
435 1785 594 1832 luxuria,
625 1793 814 1834 quantum
842 1785 923 1835 ipse
952 1787 1093 1834 notavi,
1226 1801 1272 1838 45

101 1846 261 1886 barbasa
287 1849 436 1886 famoso
464 1861 544 1886 non
572 1848 677 1886 cedit
704 1849 816 1887 turba
844 1850 1019 1900 Canopo.

103 1912 204 1950 adde
231 1913 338 1961 quod
365 1920 402 1950 et
431 1912 550 1950 facilis
577 1912 736 1951 victoria
763 1914 813 1951 de
841 1913 1007 1952 madidis
1036 1922 1074 1952 et

169 2017 205 2040 21
230 2019 359 2040 vewere
375 2008 427 2051 P}
449 2008 488 2040 26
510 2009 563 2041 hic
585 2008 638 2051 Pl
660 2010 699 2041 28
722 2010 857 2041 callidae
872 2009 925 2051 ΡΙ
948 2020 986 2051 34
1009 1987 1159 2052 spuriz'cm
1181 2018 1279 2044 censet

104 2064 242 2105 Ruperti
261 2063 265 2105 Ι
285 2074 322 2104 35
340 2065 463 2106 Coptos
478 2066 584 2096 Pauw
598 2065 678 2096 reclz.
693 2076 752 2095 sur
764 2065 806 2095 les
821 2066 938 2106 Egypt.
950 2066 998 2096 Il
998 2071 1035 2106 p.
1054 2064 1113 2098 160
1131 2066 1135 2107 Ι
1156 2078 1196 2107 44
1204 2066 1276 2098 hor-

105 2118 258 2157 rida—48
281 2119 493 2150 titubantibus
514 2120 573 2150 del.
597 2119 744 2150 Francke
762 2129 808 2150 ex.
831 2120 901 2150 crit.
921 2124 955 2160 p.
976 2129 1034 2160 107
1055 2129 1121 2161 sqq.
1142 2117 1148 2153 Ι
1167 2130 1206 2159 45
1230 2127 1278 2152 est

107 2171 230 2212 Coptos
245 2171 429 2202 Alarkland
440 2173 561 2213 Eurip.
576 2173 678 2214 suppl.
691 2178 727 2214 p.
750 2182 807 2213 ²57
828 2171 832 2214 1
853 2181 892 2213 47
910 2172 1047 2203 madidis
1063 2178 1094 2203 et
1109 2182 1168 2202 om.
1186 2173 1219 2203 Ρ
