1458 2476
493 180 593 217 XIV
648 177 839 215 241—248
1181 191 1196 216 1
1206 191 1254 228 29

63 265 188 307 glaebae
219 269 335 306 coepere
374 265 498 302 moveri,
524 264 527 304 Ι
540 265 717 305 primaque
755 264 792 295 de
831 262 951 295 sulcis
986 262 1066 293 acies
1100 263 1255 303 apparuit

68 309 177 339 hastae
197 307 201 349 Ι
222 330 229 337 .
243 330 250 337 .
263 308 435 348 ‚stctgt'tque
449 318 526 348 seges
541 308 714 348 clipeata
730 308 887 339 virorum.

131 354 191 382 243
210 358 371 382 TUBICEN
390 358 402 381 I
423 350 481 390 169
497 361 528 380 n.

131 397 191 424 244
207 402 302 425 ERGO
317 394 404 424 since
419 403 499 433 your
514 394 586 424 love
602 392 639 423 of
650 403 768 434 money
783 392 809 423 is
825 402 861 423 so
876 391 990 422 ardent
1008 392 1079 428 238.

131 440 190 467 245
220 447 286 477 seq.
322 437 398 467 Sen.
429 446 480 477 ep.
515 437 552 474 85
585 437 601 474 ἓ
629 436 647 466 8
678 435 941 476 quemadmodum
972 434 1097 465 rationi
1123 433 1254 464 nullum

67 480 197 509 animal
214 480 407 519 obtemperat,
428 489 493 509 non
503 479 628 519 ferum,
649 489 714 509 non
734 478 934 509 donu’sticum
955 481 984 507 et
1003 478 1087 508 mite.
1132 482 1255 508 natura

67 523 151 552 enim
170 523 302 553 illorum
322 527 366 552 est
379 522 478 552 surda
493 522 660 552 suadenti:
681 522 727 552 sic
742 532 807 552 non
826 525 1012 561 sequuntur,
1032 531 1097 551 non
1113 521 1256 551 audiunt

67 565 205 605 affectus,
225 565 509 606 quantulicumque
528 569 616 595 sunt.
662 565 783 605 tigres
808 564 1021 604 leonesque
1046 573 1253 604 numquam

68 607 265 638 feritatem
288 612 447 645 exuunt,
470 607 686 648 aliquando
709 607 954 643 submittunt,
975 611 1005 636 et
1025 617 1097 636 cum
1121 606 1256 637 minime

67 651 298 691 exspectaveris,
333 655 539 691 exasperatur
578 650 745 681 torvitas
784 649 978 690 mitigata.
1046 659 1254 690 numquam

68 693 170 724 bona
193 693 272 724 fide
295 693 392 724 vitia
415 698 687 724 mansuescunt
712 698 773 724 cet.
819 693 899 723 Luc.
918 700 956 722 IV
982 700 1147 731 237—242
1175 692 1255 722 end-

69 736 125 776 ing
143 737 253 776 fervet
280 741 310 767 et
338 747 358 766 a
388 736 544 776 trepido
573 736 631 766 vix
656 736 792 766 abstinet
819 736 870 766 ira
901 735 1102 775 magistro.
1153 735 1251 766 Mart.

68 784 167 819 spect.
206 789 244 811 10
282 790 294 811 1
336 779 504 810 laeserat
541 779 700 819 ingrato
737 779 799 810 leo
829 778 1005 820 perfidus
1022 788 1086 808 ore
1115 777 1253 818 magis-

69 827 180 852 trum.

132 868 191 895 246
219 872 438 895 MAGISTRUM
467 864 542 896 Sen.
569 875 621 905 ep.
647 865 685 903 85
717 865 733 902 §
756 875 793 903 41
820 864 898 894 certi
919 868 997 894 sunt
1020 863 1186 894 domitores
1201 863 1254 903 je-

69 918 193 944 rarmn,
228 908 287 948 qui
310 908 493 938 navis-sima
523 908 685 938 animalia
708 912 736 938 et
761 908 807 943 aa'
832 917 995 937 occursum
1021 907 1254 947 expavescentia

68 951 224 981 hominem
234 951 308 990 pati
319 950 471 991 stibigunt
481 961 537 980 nec
550 951 750 991 asperitatem
766 950 932 980 excussisse
946 948 1084 980 contenti
1098 960 1195 990 usque
1216 950 1254 980 in

67 993 309 1023 contubernium
325 994 496 1034 mitigant:
513 993 691 1024 leonibus
708 993 893 1034 magister
909 1003 1044 1022 manum
1062 993 1207 1022 insertat.

132 1039 191 1067 24⁷
221 1044 290 1067 LEO
314 1043 455 1066 TOLLET
481 1044 661 1066 ALUMNUS
688 1037 770 1066 Hor.
802 1046 830 1066 e.
860 1043 904 1066 III
939 1036 975 1065 18
1008 1044 1024 1074 3
1056 1046 1073 1073 4
1106 1035 1255 1076 abeasque

60 1079 177 1119 parvis
197 1077 202 1119 Ι
220 1089 338 1119 aequus
354 1078 521 1109 alumnis
538 1079 572 1116 (i.
585 1089 612 1109 e.
631 1084 664 1109 to
677 1079 731 1109 the
748 1079 852 1109 lambs
868 1079 931 1109 and
948 1078 1045 1116 kids).

131 1125 189 1152 248
213 1129 311 1152 NOTA
342 1129 625 1152 MATHEMATICIS
648 1129 798 1152 GENESIS
821 1129 896 1151 TUA
920 1129 963 1152 ΙΙΙ
988 1131 1093 1159 42—4
1119 1131 1151 1151 n.
1197 1129 1253 1151 VII

71 1173 131 1195 200
153 1175 186 1194 n.
234 1171 273 1194 IX
297 1173 411 1204 32—3.
446 1171 471 1194 Χ
495 1174 536 1205 94
557 1174 589 1193 n.
621 1172 685 1194 XVI
703 1176 732 1203 4.
783 1164 875 1194 Your
893 1174 951 1194 son
972 1164 1030 1194 has
1051 1164 1154 1194 learnt
1170 1163 1253 1194 srom

68 1207 122 1237 the
148 1207 342 1247 astrologers
365 1217 445 1246 your
467 1207 614 1247 nativity‚
639 1207 704 1237 and
727 1207 781 1237 the
808 1207 920 1246 length
943 1206 981 1237 of
1003 1207 1057 1237 the
1084 1206 1198 1237 thread
1222 1206 1260 1236 of

67 1249 122 1280 life
147 1259 230 1290 spun
255 1255 310 1280 out
341 1250 389 1280 for
414 1260 477 1290 you
504 1250 547 1290 by
569 1250 624 1280 the
647 1250 737 1287 fates,
757 1250 815 1280 but
838 1254 957 1280 cannot
980 1249 1056 1279 wait
1079 1249 1129 1279 till
1152 1249 1175 1280 it
1195 1249 1254 1280 has

66 1292 110 1322 all
131 1303 190 1323 run
211 1297 278 1323 out.
324 1292 410 1323 Gell.
436 1300 448 1323 1
471 1302 490 1333 9
510 1294 526 1330 ἓ
543 1291 561 1322 6
577 1293 695 1333 vulgus
709 1298 826 1328 autem,
843 1303 920 1333 quos
930 1293 1092 1333 gentilicio
1107 1292 1254 1323 vocabulo

69 1335 291 1366 Chaldaeos
307 1336 406 1365 dicere
419 1340 544 1375 oportet,
562 1335 865 1366 mathematicos
881 1335 966 1366 dicit.
1009 1335 1078 1366 Cic.
1096 1335 1137 1366 de
1152 1335 1254 1367 divin.

68 1385 96 1408 11
132 1379 166 1416 ἐξ
202 1379 327 1420 87-99
364 1378 558 1418 astrologers
587 1378 653 1409 had
689 1379 853 1419 promised
885 1378 1069 1419 Pompeius,
1105 1378 1249 1416 Crassus,

68 1420 198 1459 Caesar,
228 1420 297 1451 that
322 1420 398 1461 they
424 1421 532 1451 would
556 1421 609 1451 die
638 1425 672 1451 at
700 1422 798 1452 home
828 1422 860 1452 in
891 1421 947 1452 old
977 1432 1037 1462 age
1067 1421 1132 1451 and
1162 1426 1254 1462 great

66 1463 170 1503 glory.
216 1471 228 1494 Ι
254 1465 270 1501 §
299 1473 355 1502 13²
381 1474 446 1494 non
469 1464 563 1494 liabeo
588 1464 722 1504 denique
747 1464 866 1494 nauci.
882 1486 890 1493 .
905 1464 972 1494 .de
1003 1464 1108 1494 circo
1133 1469 1253 1495 astro-

68 1506 188 1546 logos.
238 1507 315 1537 Tac.
343 1506 375 1536 h.
402 1514 413 1536 1
447 1517 484 1537 22
517 1507 702 1547 uigentibus
723 1507 819 1537 etiam
843 1506 1147 1544 mathematicis,
1174 1507 1253 1537 dum

68 1559 162 1579 novos
187 1553 287 1579 motus
311 1553 339 1579 et
362 1550 487 1579 clarum
517 1549 639 1580 Othoni
657 1560 784 1580 annum
807 1550 1015 1580 observatione
1034 1550 1175 1580 siderum
1198 1550 1253 1580 ad-

57 1591 213 1631 firmant,
234 1602 337 1632 genus
358 1592 526 1622 bominum
541 1592 722 1632 potentibus
742 1592 891 1633 infidum,
911 1592 1110 1632 sperantibus
1123 1593 1249 1633 fallax,

65 1634 150 1674 quod
176 1635 212 1664 in
237 1635 366 1665 civitate
388 1639 497 1665 nostra
527 1639 556 1665 et
583 1635 744 1665 vetabitur
770 1640 890 1675 semper
916 1639 945 1666 et
972 1635 1162 1666 retinebitur
1190 1641 1253 1669 cet.

67 1677 145 1708 Tac.
169 1687 220 1708 an.
245 1685 273 1708 ΙΙ
294 1685 332 1715 32
355 1677 409 1708 fin.
431 1685 503 1708 A.D.
535 1677 572 1708 16
583 1678 679 1718 sacta
694 1682 722 1708 et
735 1678 772 1708 a'e
785 1678 1076 1709 mathematicis
1093 1678 1255 1719 magisque

66 1720 168 1750 ltalia
177 1720 332 1760 pellendis
345 1725 473 1751 senatus
487 1721 642 1750 consulta.
681 1721 830 1752 Tiberius
845 1732 911 1751 was
926 1720 1060 1751 himself
1071 1731 1113 1751 an
1129 1726 1251 1761 expett,

67 1763 131 1793 and
155 1763 294 1793 soretold
317 1763 371 1793 the
395 1764 456 1794 rise
477 1763 513 1794 of
535 1764 642 1794 Galba
666 1764 743 1794 Tae.
775 1774 828 1794 an.
850 1771 889 1794 VI
915 1773 965 1795 ¹20.
994 1774 1030 1795 21
1057 1764 1108 1795 his
1133 1770 1254 1795 master

66 1806 266 1836 Thrasullus.
314 1816 351 1836 22
375 1811 509 1836 ceterum
520 1806 678 1846 plurimis
698 1807 886 1837 mortalium
908 1817 973 1837 non
989 1807 1153 1844 eximitur,
1172 1808 1253 1847 quin

65 1848 188 1887 primo
219 1848 404 1889 cuiusque
431 1854 516 1879 ortu
542 1854 705 1880 ventura
730 1849 1001 1886 destinentur;
1025 1850 1080 1880 sed
1096 1850 1252 1890 quaedam

64 1901 156 1928 secus,
186 1901 283 1931 quam
307 1892 390 1922 dicta
418 1892 494 1930 sint,
524 1892 632 1922 cadere
650 1891 799 1933 fallaciis
828 1892 947 1933 ignara
975 1893 1150 1923 dicentium
1163 1902 1174 1923 .·
1203 1893 1252 1923 ita

64 1935 227 1973 corrumpi
240 1933 341 1974 fidem
371 1935 460 1973 artis,
495 1934 587 1965 cuius
615 1935 704 1965 clara
733 1935 917 1965 documenta
946 1940 975 1966 et
1000 1936 1137 1976 antiqua
1166 1940 1259 1976 aetas-

63 1980 92 2006 et
121 1981 230 2006 nostra
259 1977 381 2007 tulerit.
425 1978 539 2018 quippe
561 1988 580 2007 a
592 1977 669 2018 filio
699 1978 832 2008 eiusdem
862 1978 1032 2009 Thrasulli
1049 1978 1251 2019 praedictum

63 2018 203 2049 Neronis
226 2019 400 2060 imperium
431 2020 468 2050 in
491 2025 626 2060 tempore
651 2021 888 2051 memorabitur.
935 2022 1046 2052 Amrn.
1075 2029 1199 2051 XXVIII
1231 2032 1251 2060 4

63 2063 79 2099 ἓ
108 2071 146 2100 ²4
174 2062 271 2092 multi
293 2062 382 2102 apud
407 2073 455 2093 cos
484 2068 632 2103 negantes
660 2074 721 2094 esse
748 2069 879 2104 superas
901 2067 1064 2104 potestates
1093 2064 1129 2094 in
1159 2065 1249 2100 caelo,

64 2114 132 2135 nec
170 2104 208 2135 in
243 2104 442 2145 publicum
476 2106 671 2146 prodeunt
703 2116 773 2137 nec
803 2107 997 2148 prandent
1027 2117 1096 2137 nec
1126 2106 1251 2137 lavari

63 2147 306 2178 arbitrantur
335 2157 373 2178 se
409 2149 559 2179 cautius
594 2159 718 2189 posse,
758 2155 964 2190 antequam
1001 2149 1250 2190 ephemeride

62 2190 294 2231 scrupulose
323 2190 530 2222 sciscitata
553 2191 779 2231 didicerint,
813 2192 878 2223 ubi
906 2192 956 2224 sit
987 2192 1095 2223 verbi
1123 2192 1251 2233 gratia

167 2267 208 2293 M.
226 2267 252 2295 1.
1119 2269 1143 2307 9
