1458 2476
154 186 201 221 26
697 188 800 226 XIV

151 268 189 307 in
220 271 379 320 pelago3
410 271 541 310 veniet
570 273 713 320 classis,
744 287 994 325 quocumque
1021 275 1168 316 vocarit

150 347 239 384 spes
267 336 374 383 lucri,
402 350 477 375 nec
506 339 760 388 Carpathium
790 341 1034 390 Gaetulaque
1063 349 1215 380 tantum

151 412 324 449 aequora
352 402 551 449 transiliet,
580 404 649 441 sed
678 404 794 453 longe
826 406 947 454 Calpe
976 406 1110 444 relicta

150 463 282 501 audiet
311 466 512 503 Herculeo
540 466 768 505 stridentem
797 468 947 518 gurgite
975 471 1109 508 solem.
1263 472 1337 508 280

149 528 295 576 grande
324 541 466 578 operae
494 530 661 579 pretium
691 539 759 578 est,
792 540 834 570 ut
862 540 974 571 tenso
1002 535 1093 572 folle
1122 534 1260 573 reverti

149 591 241 630 inde
271 593 433 631 domum
463 595 588 643 possis
617 596 844 646 tumidaque
873 599 1059 647 superbus
1089 600 1204 645 aluta,

151 658 300 696 Oceani
329 667 503 698 monstra
531 668 570 698 et
598 660 759 699 iuvenes
788 662 931 700 vidisse
960 663 1140 701 marinos,

148 734 230 760 non
259 735 360 760 unus
389 732 540 762 mentes
569 725 689 774 agitat
718 728 833 765 furor.
892 727 956 765 ille
985 728 1125 765 sororis

148 786 188 824 in
216 787 397 825 manibus
425 790 533 826 vultu
564 790 830 828 Eumenidum
859 798 1019 829 terretur
1046 799 1084 830 et
1112 791 1203 841 igni,
1263 795 1334 842 285

148 852 211 890 hic
239 853 339 891 bove
368 866 551 902 percusso
580 854 728 903 mugire
757 856 1056 904 Agamemnona
1083 856 1206 894 credit

148 925 214 955 aut
244 919 424 955 Ithacum
434 933 444 966 ,·
474 926 606 968 parcat
635 919 775 958 tunicis
804 920 893 958 licet
922 927 1040 970 atque
1068 921 1243 969 lacernis,

148 980 335 1019 curatoris
365 989 462 1031 eget,
493 982 559 1031 qui
590 995 728 1020 navem
758 983 951 1021 mercibus
979 984 1115 1033 implet

147 1045 198 1082 ad
227 1058 424 1083 summum
453 1047 553 1083 latus
583 1053 620 1084 et
649 1047 781 1085 tabula
810 1047 1057 1097 distinguitur
1084 1049 1201 1095 unda,

146 1122 237 1147 cum
267 1109 315 1148 sit
343 1123 460 1148 causa
488 1111 578 1148 mali
608 1111 705 1148 tanti
734 1119 771 1149 et
801 1112 1032 1151 discriminis
1061 1113 1175 1152 huius
1260 1129 1335 1164 290

146 1173 348 1212 concisum
377 1183 578 1224 argentum
608 1175 647 1212 in
675 1175 806 1214 titulos
836 1177 1033 1227 faciesque
1063 1179 1248 1218 minutas,

147 1246 354 1277 occurrunt
382 1240 508 1277 nubes
537 1248 575 1278 et
604 1241 762 1290 fulgura.
825 1242 978 1281 ‘solvite
1010 1245 1144 1281 funem
1157 1244 1176 1282 1’

147 1302 329 1340 frumenti
357 1303 540 1341 dominus
567 1304 709 1342 clamat
732 1304 921 1354 piperisve
950 1306 1123 1355 coempti

150 1366 219 1403 ‘nil
248 1368 356 1405 color
383 1367 446 1404 hic
475 1367 584 1413 caeli,
616 1368 669 1405 nil
700 1368 818 1406 fascia
846 1369 955 1419 nigra
984 1370 1169 1419 minatur,-

145 1429 335 1467 aestivum
364 1433 498 1468 tonat.'
553 1431 686 1470 infelix
714 1433 788 1471 hac
815 1434 976 1472 forsitan
1005 1434 1090 1484 ipsa
1261 1449 1331 1486 295

121 1501 261 1532 nocte
290 1495 394 1533 cadit
421 1495 549 1533 fractis
580 1497 762 1543 trabibus,
794 1498 991 1548 fluctuque
1020 1506 1216 1548 premetur

145 1559 306 1596 obrutus
336 1566 374 1598 et
403 1573 542 1598 zonam
572 1562 680 1599 laeva
708 1575 915 1612 morsuque
944 1564 1103 1602 tenebit.

146 1624 215 1661 sed
243 1623 352 1662 cuius
380 1625 479 1662 votis
509 1627 629 1664 modo
660 1639 738 1664 non
769 1628 971 1665 suffecerat
999 1641 1147 1674 aurum,

145 1689 252 1736 quod
281 1690 412 1737 Tagus
446 1697 484 1727 et
513 1689 625 1727 rutila
655 1690 774 1728 volvit
801 1692 984 1729 Pactolus
1018 1693 1172 1738 harena,

143 1751 282 1800 frigida
311 1752 502 1790 sufficient
534 1755 706 1792 velantes
738 1754 897 1804 inguina
929 1755 1049 1804 panni
1256 1769 1332 1804 300

146 1815 386 1864 exiguusque
420 1816 541 1862 cibus,
576 1831 702 1856 mersa
732 1826 812 1856 rate
847 1820 1052 1868 naufragus
1083 1832 1210 1858 assem

144 1881 239 1918 dum
269 1889 378 1930 rogat
411 1889 449 1919 et
482 1882 586 1931 picta
619 1896 659 1921 se
691 1891 921 1932 tempestate
952 1891 1090 1921 tuetur.

196 1945 333 1982 Tantis
366 1954 475 1994 parta
506 1947 616 1984 malis
647 1961 738 1984 cura
771 1947 916 1985 maiore
947 1956 1132 1997 metuque

146 2017 354 2047 servantur.
413 2010 552 2048 misera
586 2019 643 2049 est
675 2012 804 2060 magni
838 2012 1018 2050 custodia
1047 2025 1197 2052 census.

96 2089 98 2092 ’
143 2074 341 2123 dispositis
375 2075 577 2124 praedives
611 2076 707 2114 amis
740 2076 896 2126 vigilare
929 2077 1131 2115 cohortem
1254 2089 1329 2128 305

144 2151 342 2177 servorum
379 2147 498 2178 noctu
534 2140 691 2178 Licinus
725 2141 844 2188 iubet,
877 2141 1063 2179 attonitus
1097 2154 1168 2191 pro

313 2215 374 2256 296
393 2216 479 2248 cadit
503 2217 584 2249 I’S‘:
609 2216 702 2248 cadet
721 2228 753 2248 ω.
908 2226 969 2257 300
992 2217 1130 2248 velantis
1148 2219 1180 2249 P
