1458 2476
624 191 726 228 xiv
1219 202 1267 240 23

82 277 179 315 haec
206 276 260 314 illi
288 283 437 314 veteres
465 282 671 324 praecepta
698 273 924 313 minoribus.
980 281 1020 313 at
1048 288 1154 314 nunc

81 349 169 391 post
197 342 314 379 finem
344 339 520 378 autumni
549 339 679 376 media
703 339 753 377 de
782 346 898 378 nocte
926 339 1109 389 supinum
1196 353 1268 389 190

81 407 275 443 clamosus
304 405 485 442 iuvenem
514 411 623 453 pater
651 403 792 441 excitat
823 403 971 453 ‘accipe
1000 417 1120 451 ceras,

81 469 216 516 scribe,
246 482 351 518 puer,
382 468 507 518 vigila,
538 481 674 506 causas
702 481 785 517 age,
815 469 970 518 perlege
998 470 1133 508 rubras

81 534 269 571 maiorum
299 534 402 582 leges
430 540 497 570 aut
524 532 643 570 vitem
672 545 790 581 posce
819 532 962 571 libello.

80 599 149 636 sed
178 605 295 647 caput
324 597 513 635 intactum
542 598 648 635 buxo
677 609 867 645 naresque
895 597 1038 646 pilosas

79 662 240 700 adnotet
269 669 307 699 et
335 662 502 711 grandes
531 661 690 698 miretur
719 661 874 699 Laelius
903 663 993 699 alas.
1195 674 1263 712 195

79 726 189 765 dirue
221 728 448 764 Maurorum
477 725 650 775 attegias,
681 727 840 763 castella
869 726 1105 776 Brigantum,

79 799 121 828 ut
151 791 384 839 locupletem
414 790 585 839 aquilam
614 789 684 828 tibi
714 790 1004 840 sexagensimus
1034 804 1160 830 annus

80 855 225 893 adferat
235 869 245 901 ,-
274 863 352 901 aut,
383 855 521 903 longos
550 861 763 892 castrorum
792 855 890 892 ferre
917 856 1069 894 labores

79 919 110 956 si
139 918 244 968 piget
273 929 309 956 et
339 918 533 967 trepidum
563 919 719 956 solvunt
747 918 818 956 tibi
846 931 993 957 cornua
1021 926 1196 958 ventrem

79 996 169 1021 cum
199 983 301 1021 lituis
329 983 474 1029 audita,
505 996 617 1032 pares
646 984 752 1032 quod
781 984 950 1022 vendere
980 984 1105 1034 possis
1191 998 1265 1023 200

78 1046 198 1095 pluris
226 1046 399 1092 dimidio,
432 1059 504 1084 nec
534 1054 571 1084 te
600 1046 753 1084 fastidia
782 1047 921 1085 mercis

77 1110 192 1147 ullius
221 1110 384 1148 subeant
412 1111 654 1159 ablegandae
684 1110 857 1148 Tiberim
886 1112 997 1158 ultra,

77 1187 154 1212 neu
183 1176 318 1213 credas
347 1176 577 1224 ponendum
606 1175 753 1224 aliquid
783 1175 1014 1214 discriminis
1042 1176 1143 1216 inter

77 1247 275 1288 unguenta
305 1247 341 1277 et
371 1239 531 1278 corium.
591 1240 686 1277 lucri
715 1240 843 1278 bonus
872 1247 929 1278 est
958 1241 1057 1278 odor
1084 1254 1131 1279 ex
1158 1254 1198 1280 re

76 1302 259 1352 qualibet.
317 1303 382 1341 illa
410 1311 478 1342 tuo
507 1303 700 1341 sententia
729 1317 881 1353 semper
910 1303 949 1342 in
978 1317 1044 1343 ore
1188 1317 1260 1355 205

75 1374 257 1414 versetur,
288 1367 347 1405 dis
376 1375 492 1417 atque
522 1367 607 1417 ipso
638 1369 732 1406 Iove
761 1368 879 1417 digna
907 1376 1024 1418 poeta

78 1431 214 1468 “unde
243 1432 399 1477 habeas,
430 1431 578 1480 quaerit
607 1444 736 1478 nemo,
767 1433 837 1470 sed
866 1440 1020 1481 oportet
1048 1433 1243 1472 habere.”'

74 1495 151 1533 hoe
181 1503 397 1534 monstrant
425 1498 577 1534 vetulae
606 1496 734 1546 pueris
763 1497 987 1546 repentibus
1016 1511 1137 1546 assae,

74 1560 151 1597 hoe
180 1559 335 1598 discunt
364 1574 501 1599 omnes
529 1569 619 1599 ante
647 1563 764 1611 alpha
793 1569 830 1600 et
859 1562 949 1600 beta
977 1564 1141 1612 puellae.

75 1624 218 1663 talibus
238 1624 447 1663 instantem
468 1625 626 1664 monitis
652 1639 941 1675 quemcumque
961 1635 1163 1676 parentem
1188 1642 1262 1666 210

74 1687 130 1726 sic
158 1701 314 1737 possem
343 1688 449 1726 affari
481 1690 578 1737 ‘dic,
609 1703 633 1728 o
662 1690 882 1737 vanissime,
913 1690 1000 1739 quis
1028 1698 1067 1729 te

74 1751 256 1790 festinare
284 1752 416 1791 iubet?
445 1753 648 1792 meliorem
676 1761 830 1803 praesto
859 1754 1044 1803 magistro

74 1816 319 1866 discipulum.
378 1830 535 1856 securus
563 1818 646 1857 abi:
674 1818 850 1865 vinceris,
880 1831 922 1856 ut
950 1818 1050 1856 Aiax

75 1883 270 1931 praeteriit
297 1884 567 1930 Telamonem,
598 1890 639 1920 ut
669 1883 787 1920 Pelea
813 1882 905 1921 vicit
933 1883 1119 1922 Achilles.

75 1948 309 1994 parcendum
324 1954 382 1984 est
394 1946 535 1984 teneris
548 1947 744 1984 :nondum
757 1946 966 1996 implevere
979 1947 1171 1985 medullas
1186 1961 1205 1984 2
1216 1960 1229 1984 1
1239 1958 1258 1996 5

75 1997 248 2049 maturae
276 2012 378 2049 mala
405 2011 613 2061 nequitiae.
672 2019 730 2048 ast
758 2024 848 2048 curn
876 2019 1031 2060 pectere
1060 2011 1221 2050 barbam

75 2075 245 2124 coeperit
273 2084 312 2114 et
339 2076 446 2126 longi
473 2089 702 2114 mucronem
730 2076 935 2114 admittere
962 2076 1087 2123 cultri,

143 2161 200 2201 189
217 2160 258 2190 ad
274 2161 308 2192 P
322 2160 326 2200 Ι
349 2163 408 2192 208
425 2162 611 2202 repentibus
627 2171 718 2192 assae
734 2162 820 2192 PSs·
829 2173 838 2192 ι
861 2161 1070 2202 poscentibus
1092 2171 1196 2192 assem
1214 2173 1237 2192 ω
1254 2160 1259 2203 1

76 2223 137 2255 ²09
160 2214 224 2246 alsa
240 2214 292 2256 Pl
315 2214 375 2247 216
398 2221 531 2248 naturae
547 2217 608 2247 ΡΞ·
625 2215 631 2257 l
651 2215 796 2257 nequitia
812 2221 859 2247 est
875 2214 929 2257 Pl
951 2225 1010 2256 217
1034 2215 1131 2257 longe
1147 2217 1180 2247 P
