1458 2476
511 148 612 186 XIV
643 158 647 160 ⁷
667 146 859 184 283-285
1211 157 1284 195 137

96 235 113 274 5
139 242 156 274 7
180 231 393 265 Alexander's
414 233 567 265 admirals
590 244 656 265 saw
679 243 800 273 among
820 232 875 264 the
898 231 1037 264 Gedrosi
1063 242 1162 272 many
1183 231 1286 264 bones

96 287 139 317 40
161 277 265 308 cubits
288 277 376 317 long.
422 277 438 314 ἓ
459 277 479 307 8
502 277 536 307 in
560 276 615 307 the
642 276 750 307 Gallie
779 286 881 306 ocean
901 275 1051 316 physeter
1078 275 1216 316 ingentis
1239 286 1284 306 co-

95 321 228 351 lumnae
243 320 332 350 modo
345 330 377 350 se
390 320 536 350 attollens
546 319 703 360 altiorque
715 319 850 349 navium
862 319 938 348 velis
949 317 1103 348 diluviem
1119 318 1286 359 quandam

95 367 253 400 eructans,
280 363 317 393 in
343 363 502 393 Gaditano
526 372 636 393 oceano
665 362 762 391 arbor
789 361 827 392 in
853 365 984 391 tantum
1009 361 1111 391 vastis
1132 361 1286 400 dispansa

95 406 198 435 ramis
214 409 251 435 ut
264 416 304 436 ex
317 416 352 436 ea
367 416 462 436 causa
467 404 595 445 fretum
611 415 792 445 numquam
808 403 946 434 intrasse
958 404 1118 434 credatur.
1166 404 1286 435 Strabo

97 447 156 487 767
173 453 332 479 monsters
348 458 424 479 seen
439 448 483 488 by
498 447 531 478 N
535 447 678 478 earchos.
716 446 773 477 VF
776 446 796 477 1.
815 454 837 477 v
852 447 977 486 481—2
995 447 1049 477 cuz·
1063 457 1128 477 non
1144 447 1226 478 iusso
1241 451 1287 478 tot

93 491 185 521 adire
199 491 344 531 zoluptas
364 490 367 530 Ι
387 496 562 521 monstra
577 490 717 520 maris?
1309 503 1314 507 -

160 541 318 564 mVENEs
339 541 505 564 MARmos
527 533 659 564 Tritons
682 532 747 563 and
771 531 912 563 Nereids
928 531 1068 562 Plin.1x
1084 533 1101 569 ξ
1117 541 1136 575 9
1159 532 1284 562 Tiberzo

87 576 237 617 prz'nczpi
268 577 439 607 nunticzzz't
471 576 741 616 Olisz'ponenszum
772 575 883 616 legatio
911 574 947 604 ob
980 575 1017 605 id
1045 575 1144 605 missa
1178 576 1285 605 visum

93 619 307 659 audztumque
327 630 362 649 τη
385 619 523 660 quodam
545 624 634 659 specu
656 618 773 648 conclza
799 622 961 648 canentem
986 617 1202 653 Tritonem,
1220 629 1284 658 qna

94 663 238 692 noscitur
252 662 379 702 forma.
423 666 453 692 et
477 661 695 693 Nereidum
720 671 842 701 quoque
859 660 954 701 falsa
978 671 1042 691 non
1065 671 1091 690 e
1087 665 1119 696 ·‚t
1142 671 1285 701 squamzs

93 705 182 735 modo
201 705 323 745 hispido
341 709 465 744 corpo7e
484 706 579 735 ettam
596 715 660 745 qua
675 704 857 734 humanam
873 703 1002 752 effigssm
1019 703 1144 733 habent.
1190 714 1282 733 nam-

91 758 152 788 que
173 747 248 778 haec
267 758 303 778 τη
319 748 420 778 eodem
436 752 571 788 spectata
586 747 678 778 litore
692 751 745 782 est,
762 747 853 777 cuius
869 747 1031 777 morientis
1042 747 1136 776 etlam
1151 751 1284 776 cantum

90 790 213 820 tnstem
243 791 362 821 accolae
382 791 532 821 audtvere
553 791 652 831 longe.
697 794 726 820 et
747 790 819 820 devo
841 791 872 819 A
878 794 989 830 agusto
1017 790 1138 830 legatus
1164 789 1287 820 Galliae

91 833 265 873 complures
280 833 316 863 in
338 833 428 864 litore
443 838 595 874 apparere
614 833 779 864 exanimes
798 832 997 863 Nereidas
1018 832 1157 872 scripsit.
1202 833 1219 870 ἓ
1247 841 1284 862 10

90 881 230 906 auctores
259 876 353 906 habeo
388 876 425 906 in
461 876 596 917 equestri
628 876 742 906 ordine
769 875 960 915 splendentes
989 875 1115 906 visum
1145 875 1192 905 ab
1225 874 1284 906 his

91 917 289 949 Gaditano
305 929 452 949 oceano
468 919 657 949 marinum
673 918 867 949 hominem
885 923 946 948 cet.
987 919 1057 956 §11
1077 918 1125 948 M.
1145 918 1284 950 Scaurus

89 961 124 991 in
154 961 204 991 his
229 961 410 1002 aedileship
436 961 576 1002 brought
606 961 690 992 from
711 961 820 1002 Joppa
842 961 906 991 and
930 960 1096 991 exhibited
1119 966 1152 991 at
1177 961 1283 991 Rome

90 1004 146 1034 the
175 1004 276 1035 bones
307 1003 344 1035 of
369 1004 424 1035 the
448 1011 592 1035 monster
622 1010 656 1035 to
680 1004 787 1034 which
814 1004 1027 1034 Andromeda
1051 1014 1117 1034 was
1148 1004 1218 1034 said
1250 1009 1283 1034 to

89 1046 173 1077 have
193 1047 276 1077 been
297 1047 450 1087 exposed,
469 1057 510 1086 40
532 1047 569 1078 ft.
593 1047 683 1087 long,
700 1047 732 1076 in
753 1046 866 1087 height
883 1047 919 1076 of
934 1047 989 1077 the
1005 1047 1070 1077 ribs
1087 1047 1284 1087 outtopping

90 1089 209 1120 Indian
233 1089 412 1130 elephants,
439 1090 519 1120 with
542 1100 561 1120 a
584 1091 676 1130 spine
704 1091 741 1120 18
766 1089 806 1120 in.
835 1089 934 1120 thick.
984 1090 1063 1119 Tac.
1085 1099 1160 1120 ann.
1187 1097 1214 1120 11
1243 1100 1283 1129 24

89 1137 128 1162 ut
151 1132 223 1172 quis
251 1143 290 1162 ex
316 1132 490 1173 longinquo
519 1137 693 1168 reverterat,
727 1132 920 1163 miracula
950 1132 1181 1163 narrabant:
1212 1132 1282 1162 vim

89 1175 259 1205 turbinum
283 1179 312 1206 et
334 1175 500 1205 inauditas
525 1175 674 1213 volucres,
708 1180 883 1205 monstra
913 1175 1042 1212 maris,
1076 1175 1282 1216 ambiguas

88 1217 283 1248 hominum
301 1223 337 1249 et
353 1218 557 1249 beluarum
574 1218 722 1255 formas,
742 1219 812 1248 visa
829 1218 893 1248 sive
908 1228 946 1248 ex
962 1222 1045 1248 metu
1063 1218 1194 1248 credita.

153 1264 212 1291 284
236 1268 312 1291 NON
336 1268 435 1292 UNUS
460 1269 607 1291 MENTES
630 1268 768 1291 AGITAT
792 1268 915 1291 FUROR
936 1260 1018 1291 Hor.
1044 1271 1068 1291 s.
1098 1268 1125 1291 ΙΙ
1147 1271 1164 1301 3
1184 1269 1225 1300 50
1241 1271 1278 1301 51

89 1313 185 1334 unus
199 1304 357 1344 utrique
378 1302 383 1341 Ι
402 1314 520 1339 error,
537 1304 603 1334 sed
620 1303 745 1334 variis
760 1303 899 1334 illudit
917 1304 1108 1344 partibus.

153 1353 236 1376 ILLE
256 1354 326 1376 VIII
350 1355 514 1385 215—221
537 1357 569 1376 n.
605 1347 688 1376 Hor.
713 1346 756 1377 ib.
790 1348 912 1385 131—S
933 1357 1005 1376 cum
1025 1347 1134 1387 laqueo
1149 1357 1282 1378 uxorem

87 1389 251 1419 interimis
281 1394 476 1429 matremque
503 1400 629 1427 veneno,
655 1387 834 1430 {incolumi
857 1390 956 1429 capite
983 1390 1039 1420 es?
1067 1390 1149 1430 qnid
1168 1390 1281 1421 enim?

88 1442 186 1472 neque
203 1436 239 1462 lu
257 1431 407 1472 hocfacis
425 1432 536 1472 Argis,
559 1432 563 1471 Ι
584 1442 654 1462 nec
674 1432 778 1462 ferro
802 1437 841 1462 ut
862 1433 1022 1463 demens
1038 1433 1280 1472 genetricem

87 1474 237 1505 occidis
254 1474 426 1505 Orestes.
449 1473 453 1515 Ι
472 1486 516 1505 an
530 1480 565 1504 tu
579 1476 658 1505 reris
669 1485 740 1505 eum
757 1475 855 1505 occisa
872 1475 1068 1505 insanisse
1084 1481 1259 1516 parente,
1274 1476 1278 1516 Ι

86 1527 124 1547 ac
153 1527 219 1547 non
248 1522 324 1547 ante
354 1518 451 1547 malis
480 1518 653 1547 dementem
684 1522 791 1547 actum
816 1518 929 1548 furiis
959 1528 1057 1558 quam
1079 1517 1082 1558 Ι
1102 1519 1138 1548 in
1165 1519 1282 1549 matris

86 1560 195 1600 iugulo
206 1559 340 1600 serrum
364 1560 499 1600 tepefecit
520 1565 651 1590 acutum
664 1559 679 1590 ?
700 1559 704 1600 Ι
723 1561 815 1600 quin,
841 1571 880 1590 ex
901 1571 962 1601 quo
984 1565 1028 1590 est
1048 1561 1177 1591 habitus
1198 1562 1282 1592 male

84 1607 173 1634 tutae
188 1603 302 1632 mentis
322 1603 450 1640 Orestes,
476 1602 479 1642 Ι
500 1603 552 1632 nil
563 1614 641 1633 sane
644 1603 727 1643 fecit
740 1603 825 1642 quod
836 1608 872 1633 tu
889 1603 1112 1644 reprehendere
1118 1605 1230 1645 possis.

153 1653 304 1676 SORORls
321 1645 471 1676 Electrae
489 1645 573 1676 VFI.
592 1653 646 1676 vu
668 1656 845 1685 147-152·

149 1691 208 1718 285
233 1696 273 1718 IN
297 1696 463 1719 MANIBUS
488 1688 565 1719 Eur.
595 1688 652 1719 Or.
679 1689 804 1728 260—4
828 1689 861 1719 in
888 1687 1051 1720 Elektra's
1075 1700 1169 1721 arms.
1220 1690 1277 1721 Or.

86 1728 110 1760 ὦ
138 1729 234 1770 Φοῖβ’,
260 1731 465 1761 ἁποκτενοῦσί
487 1730 520 1767 μ’
552 1733 583 1761 αἱ
615 1729 783 1762 κυνώπιδες
804 1729 808 1770 Ι
826 1733 1004 1771 γοργῶπες,
1037 1733 1144 1771 ἐνέρων
1175 1733 1275 1770 ἱερὶαι,

86 1774 180 1803 δειναὶ
204 1775 281 1803 θεαί.
305 1772 308 1814 Ι
329 1772 489 1804 Ε1.οὔτοι
512 1775 648 1811 μεθήσω·
674 1775 766 1812 χεῖρα
791 1773 815 1804 δ’
845 1773 1014 1812 ἐμπλέξασ’
1041 1774 1120 1813 ἐμήν
1140 1774 1144 1816 Ι
1164 1777 1279 1813 σχήσω

85 1826 122 1871 σε
153 1815 254 1852 πηδᾶν
285 1817 426 1856 δυστυχῆ
461 1816 647 1854 πηδήματα.
673 1816 677 1858 Ι
697 1817 755 1848 Or.
790 1818 890 1854 μέθες·
921 1818 965 1855 μί’
997 1816 1076 1848 οὖσα
1106 1820 1169 1848 τῶν
1197 1820 1279 1855 ἐμῶν

95 1859 130 1895 Ε,
143 1861 243 1888 ινύων.

148 1909 274 1932 VULTU
302 1909 536 1932 EUMl-:NIDUM
563 1910 762 1933 TERRETUR
792 1911 839 1933 ET
865 1910 947 1934 IGNI
975 1903 1095 1935 Aesch.
1131 1914 1156 1935 c.
1186 1904 1271 1936 Tim.

85 1944 102 1981 ἓ
132 1954 190 1985 190
219 1945 263 1980 μὴ
285 1945 349 1984 γὰρ
372 1946 483 1983 οἴεσθε,
508 1945 533 1975 ὦ
556 1943 673 1984 ἅνδρες,
697 1946 753 1976 τὰς
775 1947 837 1975 τῶν
861 1947 1060 1983 ἀδικημάτων
1087 1947 1187 1985 ἀρχὰς
1213 1949 1277 1978 ἀπὸ

85 1987 162 2017 θεῶν
197 1984 267 2017 ἀλλ’
305 1989 363 2025 οὐχ
400 1986 451 2017 ὑπ’
487 1986 658 2027 ἀνθρώπων
688 1986 858 2028 α’σελγεὶας
886 1990 1065 2027 γίγνεσθαι,
1099 1991 1179 2027 μηδὲ
1203 1993 1276 2022 τοὺς

84 2030 291 2067 ἠσεβηκότας,
330 2031 472 2069 καθάπερ
510 2031 541 2061 ἐν
578 2032 778 2070 τραγῳδίαις,
817 2032 964 2063 Ποινὰς
997 2033 1173 2062 ἐλαύνειν
1214 2035 1277 2063 καὶ

83 2071 263 2113 κολάζειν
286 2074 399 2110 δᾳσὶν
422 2073 618 2110 ἡμμέναις.
652 2074 719 2105 Cic.
747 2074 831 2114 legg.
860 2082 872 2104 1
896 2075 912 2112 ἓ
934 2085 976 2113 40
1001 2085 1047 2105 eos
1072 2075 1200 2116 agztant
1225 2087 1275 2106 zn-

82 2119 302 2155 sectanturque
316 2115 439 2146 suriae
455 2126 519 2146 non
538 2117 769 2147 ardentibus
788 2117 924 2156 taedis,
945 2118 1045 2148 sicut
1060 2117 1099 2148 in
1090 2100 1271 2157 0fabulis,

82 2157 136 2187 sed
147 2168 264 2199 angore
278 2159 680 2200 consaenttaefraudzsque
693 2159 848 2190 canatu
