1458 2476
184 162 256 210 138
597 160 698 199 X1v
753 158 947 200 286—293

244 248 303 278 286
329 247 411 278 Aias
431 257 489 278 son
511 247 547 278 of
568 246 738 286 Telamon,
769 247 808 278 of
828 247 938 278 whom
955 246 1087 278 Athene
1103 256 1175 287 says
1197 246 1298 288 Soph.
1320 245 1375 277 Ai.

181 300 284 330 53—7
312 293 388 327 πρός
416 301 452 320 τε
480 291 612 327 ποίμνας
635 291 778 329 ἐκτρέπω
804 291 962 328 σύμμικτά
986 301 1022 320 τε
1054 293 1058 330 Ι
1088 291 1174 321 λείας
1191 312 1199 319 .
1218 312 1226 319 .
1245 312 1252 319 .
1283 295 1288 330 Ι
1318 288 1380 320 ἔνθ’

182 334 338 363 εἰσπεσὼν
363 334 461 372 ἔκειρε
495 335 676 372 πολύκερων
712 334 806 371 φόνον
827 332 830 374 Ι
851 335 954 372 κύκλῳ
984 333 1134 373 ῥαχίζων·
1166 330 1290 363 κάδόκει
1322 333 1378 368 μὲν

181 375 248 406 ἔσθ’
264 378 318 406 ὅτε
338 375 342 415 Ι
363 376 488 407 δισσοὺς
501 374 660 412 Ἀτρείδας
683 375 831 416 αὐτόχειρ
854 378 981 406 κτείνειν
1004 376 1098 414 ἔχων.
1148 375 1187 406 cf.
1216 384 1376 417 97—100.

183 429 363 459 233—244.
399 420 577 459 285—310.

246 465 305 494 287
330 469 504 492 ITHACUM
528 470 553 492 x
580 471 651 502 ²57·
683 469 734 492 xv
760 460 809 493 26.
845 461 945 503 Soph.
973 461 1029 491 Ai.
1061 461 1376 500 101—115.=Jtlza-

148 508 153 515 “
180 505 278 535 cmsz's
310 504 362 543 (cf.
398 512 448 534 xv
481 514 531 544 23.
568 516 635 545 115.
675 515 743 535 122.
793 505 930 535 Kiihner
960 515 1007 545 gr.
1041 504 1098 535 Gr.
1132 503 1175 534 ΙΙ2
1207 505 1295 543 233).
1341 513 1377 535 so

174 548 299 578 Ἴθακος
331 548 365 578 in
400 547 478 579 Eur.
515 548 683 589 Aristoph.
720 549 833 588 Sopat.
866 549 952 578 Aen.
986 555 1013 577 11
1045 556 1104 586 104
1136 547 1293 587 Forbiger
1322 546 1378 577 lzoc

184 591 346 622 Ithacus
361 591 446 621 velit.
494 591 592 632 Prop.
611 599 620 621 1
644 601 677 629 15
697 600 714 630 9
733 591 861 622 Ithaci
876 591 1022 631 dags-essu
1038 594 1123 620 mota
1142 590 1287 630 Caljpso.

247 641 390 664 PARCAT
413 641 561 664 TUN1<21S
588 634 624 665 St
650 634 743 664 Luke
767 634 785 663 8
813 641 865 672 27.
898 633 1034 673 Quintil.
1063 632 1147 663 decl.
1170 633 1231 672 256
1257 637 1379 674 quanto

182 677 397 707 miserabilior
417 677 482 717 fui
515 687 554 707 ex
581 677 630 707 die
660 681 732 707 tuae
759 677 931 707 sanitatis!
958 676 1130 717 ficriosum
1162 686 1210 706 me
1238 686 1303 706 non
1332 675 1379 706 sic

181 720 291 750 recidi:
313 724 384 750 tum
408 720 584 750 lacerare
609 727 749 754 vestes,
774 725 843 749 tum
868 719 1031 749 verberare
1050 719 1160 749 vultus
1183 729 1262 749 meos
1286 719 1376 759 coepi.

184 763 340 793 Prichard
357 773 398 793 οη
416 763 574 802 insanity,
593 773 624 803 p.
646 762 686 793 26
711 767 825 802 quotes
847 762 929 792 from
953 773 971 793 a
995 761 1193 802 description
1216 761 1254 792 of
1268 761 1378 792 mania

184 809 222 836 ‘a
252 806 393 846 striking
423 806 487 836 and
516 805 754 836 characteristic
786 806 1020 836 circumstance
1050 805 1076 835 is
1107 804 1162 835 the
1188 804 1379 845 propensity

181 853 216 879 to
232 859 274 889 go
291 849 381 889 quite
397 848 515 879 naked.
566 849 639 879 The
655 849 780 889 patient
797 853 881 879 tears
897 848 947 878 his
963 848 1087 879 clothes
1103 852 1136 878 to
1152 846 1285 878 tatters.’

248 898 430 922 LACERNIS
449 898 489 921 111
511 892 568 931 148
587 902 618 921 n.

247 938 306 965 288
330 942 537 965 cumn-oms
562 942 657 965 EGET
682 934 751 965 Cic.
774 934 816 965 de
838 934 961 965 invent.
990 941 1018 964 11
1044 935 1062 972 ἕ
1091 934 1149 971 148
1174 933 1226 964 lex
1250 936 1315 964 est:
1347 933 1378 964 si

183 977 358 1008 furiosus
395 977 506 1015 escit,
541 978 754 1018 adgnatum
789 977 1077 1018 gentiliumque
1113 977 1149 1006 in
1184 987 1229 1007 eo
1266 986 1377 1017 pecu-

182 1021 325 1061 niaque
341 1020 423 1051 eius
439 1026 617 1061 potestas
634 1026 728 1051 esto.
777 1021 851 1051 Hor
880 1030 905 1050 s.
925 1028 951 1051 11
970 1030 986 1059 3
1007 1028 1065 1059 217
1086 1019 1146 1050 218
1162 1019 1378 1050 interdicto

182 1063 270 1094 huie
309 1074 421 1094 omne
458 1064 602 1094 adimat
641 1064 698 1094 ius
731 1062 735 1104 Ι
765 1069 923 1104 praetor
960 1069 995 1093 et
1034 1063 1079 1092 ad
1118 1072 1232 1093 sanos
1262 1063 1377 1093 abeat

183 1107 310 1137 tutela
340 1106 593 1148 propinquos.
659 1107 700 1137 ib.
734 1107 774 1146 83
804 1106 913 1136 danda
945 1112 988 1136 cs!
1016 1105 1143 1136 ellebori
1172 1105 1273 1135 multo
1295 1110 1379 1146 pars

183 1150 332 1180 maxima
367 1150 507 1181 avaris.
571 1149 616 1180 id.
649 1160 700 1190 ep.
735 1157 745 1180 1
779 1160 790 1180 1
829 1159 951 1187 roz-3
979 1148 1174 1179 curatoris
1201 1158 1314 1188 egere
1334 1146 1338 1188 Ι
1359 1159 1378 1178 a

182 1199 365 1233 praetore
395 1193 488 1223 dati.
534 1193 737 1223 accusations
768 1192 806 1222 of
829 1192 986 1222 dementia
1019 1191 1094 1222 Sen.
1129 1197 1231 1222 contr.
1260 1201 1293 1222 11
1328 1201 1376 1222 12.

187 1246 234 1272 14.
260 1245 310 1266 21.
337 1245 388 1276 3²·
435 1236 512 1267 Sen.
534 1235 610 1266 ben.
637 1243 674 1265 IV
703 1234 739 1266 16
761 1237 775 1273 ἓ
797 1245 812 1265 2
829 1240 918 1275 pulo,
940 1245 1077 1275 nequam
1092 1234 1252 1264 hominem
1269 1233 1377 1264 existi-

183 1289 262 1316 mas,
295 1279 349 1308 cui
369 1283 485 1319 poena,
514 1289 580 1309 uon
609 1279 666 1308 cui
695 1283 879 1309 curatore
909 1282 986 1318 opus
1014 1277 1064 1308 sit.
1115 1276 1294 1317 Capitolin.
1328 1277 1377 1307 M.

184 1321 344 1352 Antonin.
362 1322 441 1362 phil.
473 1331 511 1352 10
533 1323 549 1359 ἓ
579 1331 613 1352 12
632 1322 670 1351 de
685 1321 934 1352 curatoribus
950 1331 1030 1357 vero,
1049 1330 1122 1349 cum
1141 1324 1216 1349 ante
1232 1330 1297 1349 non
1314 1319 1380 1349 nisi

182 1375 221 1394 ex
244 1365 306 1405 lege
327 1364 479 1395 Laetoria
501 1365 553 1395 vel
568 1369 701 1404 propter
722 1364 890 1394 lasciviam
914 1363 966 1394 vel
978 1368 1112 1404 propter
1141 1362 1377 1393 dementiam

183 1408 351 1445 darentur,
381 1408 425 1437 ita
448 1407 561 1437 statuit
581 1412 617 1437 ut
639 1418 745 1438 omncs
765 1407 872 1437 adulti
892 1412 1092 1437 curatores
1115 1405 1290 1446 accz'ptrent
1311 1415 1378 1436 non

182 1451 314 1480 redditis
329 1450 443 1480 causis.

247 1496 306 1524 289
331 1501 479 1524 TABULA
502 1500 775 1524 DISTINGUITI'R
802 1499 906 1523 UNDA
928 1492 955 1523 is
979 1491 1056 1532 only
1078 1490 1194 1533 parted
1216 1490 1298 1521 from
1322 1490 1378 1522 the

183 1546 237 1566 sea
252 1536 296 1576 by
313 1546 375 1567 one
393 1535 522 1577 plank's
538 1536 676 1567 breadth
694 1543 747 1566 XII
767 1537 805 1574 58
822 1546 852 1566 n.

247 1582 305 1609 291
326 1587 482 1609 TITULos
504 1587 707 1615 FACIESQUE
730 1586 896 1609 MINUTAS
918 1578 972 1608 the
996 1577 1113 1617 legend
1135 1577 1199 1607 and
1221 1576 1276 1607 the
1291 1576 1377 1607 head

181 1621 216 1652 of
246 1622 301 1652 the
324 1632 473 1663 emperor
498 1622 535 1653 St
561 1622 654 1653 Luke
678 1632 719 1653 20
745 1631 794 1661 ²3-
822 1629 859 1651 Vl
887 1630 946 1659 ‘205
979 1621 1127 1661 scripto
1152 1620 1260 1650 radiat
1287 1619 1364 1650 Ger

181 1675 361 1696 manicus
377 1676 478 1696 auro.

246 1711 304 1738 292
329 1716 481 1738 somn-E
504 1715 634 1739 FUNEM
656 1708 739 1738 Aen.
760 1715 783 1738 v
802 1715 861 1747 773
879 1706 1042 1747 solvique
1054 1716 1092 1736 ex
1107 1705 1217 1736 ordine
1232 1705 1373 1736 funem.

246 1754 304 1781 293
325 1759 520 1781 FRUMENTI
538 1762 580 1781 on
598 1751 652 1781 the
670 1751 803 1781 African
825 1750 1009 1781 corn—fleets
1026 1749 1066 1779 cf.
1084 1756 1107 1778 V
1128 1758 1186 1789 119
1203 1759 1234 1778 n.

247 1801 389 1824 PIPERIS
414 1794 532 1824 Indian
558 1804 682 1835 pepper
702 1794 801 1831 (Pers.
831 1801 854 1823 V
879 1794 930 1832 55)
948 1802 1014 1822 was
1036 1792 1179 1831 brought
1195 1801 1238 1822 on
1257 1790 1377 1822 carnels

184 1835 239 1874 (ib.
258 1844 281 1866 V
304 1835 375 1876 136)
400 1842 433 1867 to
456 1837 666 1874 Alexandria,
686 1837 750 1866 and
773 1837 863 1866 there
885 1835 973 1876 shipt
998 1835 1046 1864 for
1071 1835 1187 1865 Rome.
1238 1834 1320 1865 Stat.
1348 1844 1374 1864 s.

182 1887 219 1909 lv
243 1889 262 1920 9
288 1890 322 1910 η
345 1885 397 1909 tus
415 1880 584 1910 mum-mn
605 1880 754 1920 piperve
771 1884 875 1919 wrapt
894 1878 927 1908 in
950 1888 1061 1918 paper.
1113 1877 1195 1907 Plin.
1219 1884 1273 1907 XII
1295 1877 1312 1914 ἓ
1336 1886 1376 1917 29

181 1933 277 1952 usum
303 1923 369 1952 eius
397 1923 471 1952 adeo
495 1923 653 1962 plumis-ve
681 1923 803 1952 mirum
834 1926 910 1952 est—
921 1922 957 1951 in
987 1920 1062 1950 aliis
1091 1920 1204 1961 quippe
1231 1919 1377 1950 suavitas

180 1966 267 2006 cepit,
283 1966 319 1995 in
335 1966 409 1996 aliis
423 1966 534 2005 species
548 1966 711 2002 invitavit,
727 1965 803 1995 huic
819 1975 871 1994 nec
881 1964 974 2003 pomi
985 1974 1038 1993 nec
1049 1963 1142 1993 bacae
1150 1962 1377 1993 commemhztio

179 2013 224 2038 cst
245 2009 410 2048 aliqua—,
435 2009 501 2038 sola
526 2009 650 2049 placere
670 2007 897 2043 amaritudine,
924 2011 952 2036 et
971 2007 1056 2036 hanc
1072 2006 1109 2036 in
1132 2005 1254 2036 Indos
1280 2005 1373 2046 peti.

181 2051 255 2091 ‹Jm's
270 2051 462 2092 illeprimus
478 2051 619 2091 myst-iri
633 2051 707 2081 cibis
722 2051 823 2081 voluit
848 2054 907 2080 aut
925 2050 979 2079 cui
992 2049 1027 2079 in
1043 2048 1212 2089 appetendi
1224 2048 1376 2078 aviditate

181 2094 302 2124 actam-e
331 2104 396 2124 non
411 2095 486 2134 suit
511 2093 618 2125 satis?
648 2099 821 2134 utrumque
848 2093 989 2123 silvestre
1006 2092 1154 2133 gentibus
1182 2091 1250 2121 suis
1276 2095 1320 2121 est
1347 2094 1377 2121 et

181 2142 288 2167 tamen
306 2137 445 2177 pondere
466 2137 586 2167 emitur
607 2141 644 2167 ut
661 2146 783 2168 aurum
805 2136 857 2166 vel
868 2140 1053 2176 argentum.
1092 2133 1216 2175 piperis
1230 2134 1374 2164 arborem

182 2180 247 2210 iam
263 2185 291 2210 et
306 2180 406 2210 ltalia
424 2180 524 2210 lmbct.
