1458 2476
146 178 196 214 30
701 166 776 204 XV

145 250 284 288 blaesis
312 258 428 299 atque
457 263 565 289 mero
594 249 858 290 titubantibus.
916 251 1007 291 inde
1035 253 1201 293 virorum

145 314 302 351 saltatus
331 314 439 363 nigro
467 314 635 362 tibicine,
667 315 964 364 qualiacumque

145 385 341 426 unguenta
370 385 407 415 et
435 378 547 416 flores
576 379 798 428 multaeque
827 379 865 417 in
895 381 1020 418 fronte
1048 394 1214 420 coronae
1223 395 1234 429 3
1275 394 1325 431 50

144 441 235 478 hinc
263 441 435 479 ieiunum
464 442 613 480 odium.
669 443 739 480 sed
767 443 886 492 iurgia
914 444 1037 493 prima
1065 458 1203 483 sonare

144 505 333 555 incipiunt
361 506 498 544 animis
527 507 763 553 ardentibus,
794 508 890 546 haec
919 509 1012 547 tuba
1039 509 1166 556 rixae;

144 571 235 609 dein
264 573 433 610 clamore
461 571 543 621 pari
571 573 820 619 concurritur,
851 581 889 611 et
918 573 1001 612 vice
1029 574 1095 612 teli

142 636 261 674 saevit
290 637 397 674 nuda
424 649 576 674 manus.
631 650 777 685 paucae
807 636 889 674 sine
916 638 1073 675 vulnere
1101 639 1238 684 malae,

141 700 205 738 vix
232 700 414 749 cuiquam
442 707 508 738 aut
537 700 632 738 nulli
662 708 744 738 toto
774 700 985 738 certamine
1012 714 1127 739 nasus
1275 713 1320 751 55

141 765 299 814 integer,
330 764 520 813 aspiceres
550 764 625 801 iam
655 772 795 801 cuncta
823 777 892 813 per
919 764 1073 814 agmina
1099 766 1227 804 vultus

141 829 335 875 dimidios,
365 829 457 866 alias
487 829 601 867 facies
631 836 669 867 et
698 829 843 866 hiantia
870 829 989 877 ruptis

142 907 231 933 ossa
257 893 376 944 genis,
407 895 543 943 plenos
572 895 773 931 oculorum
804 894 990 942 sanguine
1018 907 1180 944 pugnos.

139 959 274 996 ludere
303 971 343 996 se
372 959 536 996 credunt
564 957 636 1007 ipsi
666 965 795 995 tamen
827 965 865 996 et
893 958 1060 1007 pueriles

141 1034 318 1060 exercere
346 1020 458 1067 acies,
490 1021 597 1069 quod
626 1021 732 1057 nulla
760 1021 948 1058 cadavera
977 1021 1127 1058 calcent
1141 1033 1151 1067 3
1274 1022 1322 1058 60

141 1094 178 1124 et
207 1098 299 1123 sane
327 1098 404 1134 quo
433 1092 490 1122 tot
520 1084 676 1121 rixantis
706 1083 811 1121 milia
840 1084 984 1131 turbae,

140 1149 171 1187 si
199 1148 333 1187 vivunt
361 1149 527 1186 omnes?
582 1160 672 1197 ergo
702 1147 823 1186 acrior
851 1147 1029 1197 impetus,
1059 1155 1098 1185 et
1126 1147 1204 1185 iam

139 1225 230 1249 saxa
258 1211 449 1248 inclinatis
477 1224 546 1260 per
573 1211 735 1248 humum
766 1211 939 1259 quaesita
966 1210 1116 1249 lacertis

141 1275 330 1325 incipiunt
358 1283 548 1324 torquere,
581 1275 796 1312 domestica
825 1274 1007 1313 seditioni

139 1341 225 1388 tela,
247 1353 321 1378 nec
345 1340 450 1376 hunc
475 1339 654 1388 lapidem,
678 1339 801 1388 qualis
826 1347 864 1377 et
888 1341 1043 1377 Turnus
1069 1347 1105 1378 et
1132 1339 1241 1387 Aiax,
1273 1342 1318 1389 65

138 1406 200 1443 vel
228 1404 507 1454 quo-Tydides
537 1403 724 1453 percussit
752 1405 925 1453 pondere
954 1417 1092 1442 coxam

139 1472 308 1515 Aeneae,
339 1469 407 1506 sed
437 1481 553 1517 quem
583 1469 736 1506 valeant
765 1468 939 1507 emittere
968 1469 1125 1507 dextrae

139 1534 212 1572 illis
241 1533 444 1572 dissimiles
474 1540 511 1571 et
540 1540 670 1570 nostro
699 1540 874 1581 tempore
902 1539 1025 1570 natae.

139 1611 230 1636 nam
258 1610 378 1647 genus
407 1598 482 1635 hoc
510 1597 599 1635 vivo
627 1596 704 1634 iam
734 1597 981 1635 decrescebat
1011 1598 1214 1644 Homero3

139 1670 238 1701 terra
266 1662 390 1699 malos
418 1661 595 1699 homines
624 1674 730 1698 nunc
758 1661 898 1699 educat
926 1668 1040 1710 atque
1068 1661 1238 1710 pusillos.
1273 1672 1320 1709 70

139 1738 229 1774 ergo
259 1725 364 1771 deus,
396 1724 632 1773 quicumque
660 1723 819 1772 aspexit,
850 1723 948 1761 ridet
976 1730 1013 1761 et
1042 1723 1133 1761 odit.

140 1803 162 1827 a
191 1788 426 1827 deverticulo
454 1796 648 1837 repetatur
676 1789 816 1826 fabula.
875 1795 1082 1837 postquam

140 1852 319 1891 subsidiis
348 1852 450 1890 aucti
477 1865 564 1901 pars
593 1853 712 1890 altera
739 1865 915 1901 promere
944 1853 1082 1889 ferrum

140 1918 258 1955 audet
287 1924 324 1955 et
353 1916 499 1955 infestis
527 1930 699 1966 pugnam
727 1916 937 1954 instaurare
966 1915 1135 1965 sagittis:

140 1987 246 2029 terga
274 1980 363 2028 fu'ga
390 1978 505 2017 celeri
532 1987 727 2028 praestant
754 1978 987 2017 instantibus
1017 1977 1154 2017 Ombis
1271 1990 1316 2028 75

205 2085 244 2116 52
270 2076 454 2107 ar³⁶entibus
479 2074 530 2117 ΡΙ
552 2076 727 2117 incipiunt:
755 2076 870 2107 animis
892 2076 1078 2107 ardentibus
1098 2076 1178 2107 haec
1202 2075 1318 2106 Mark-

141 2129 222 2160 land
240 2129 243 2171 l
265 2129 304 2169 56
326 2129 455 2170 agmin*
480 2128 531 2170 P]
553 2129 594 2169 64
617 2129 768 2161 seditioni
795 2130 841 2160 Σ;
877 2130 1035 2160 seditione
1056 2130 1113 2160 Ρω
1133 2128 1137 2170 Ι
1158 2137 1195 2169 75
1226 2128 1318 2170 fugas

141 2184 175 2213 P
199 2185 203 2223 l
230 2188 395 2224 praestant
435 2183 629 2215 instantibus
669 2183 786 2215 Ombis
827 2184 954 2215 Mercer
991 2183 1082 2224 apud
1119 2183 1316 2214 Salmasium
