1458 2476
524 190 621 227 XVI
680 187 821 227 51—60
1200 201 1215 225 1
1224 189 1274 238 89

144 279 183 308 51
206 279 245 307 52
269 282 365 307 SOLIS
388 281 570 306 TESTANDI
595 281 785 305 MILITIBUS
810 281 870 305 1th
894 280 982 304 vivo
1008 282 1124 305 PATRE
1148 281 1274 304 DATUR

81 319 148 360 dig.
166 327 258 350 XXIX
278 329 290 349 1
326 318 385 349 ‘de
408 322 603 348 testamento
627 316 765 348 militis.'
809 316 1022 352 Asterwards,
1049 317 1092 357 by
1119 327 1138 347 a
1163 316 1275 347 fiction

82 362 148 394 like
165 362 232 393 that
255 361 293 392 of
315 361 369 392 the
394 361 447 390 ius
472 361 574 390 trium
600 360 783 397 liberorum,
814 360 960 390 civilians
981 370 1065 390 were
1090 360 1130 400 by
1153 359 1275 400 special

81 415 177 446 grace
192 404 350 435 admitted
366 409 400 434 to
415 403 508 434 share
529 402 584 434 the
602 403 760 443 privilege
781 403 847 443 dig.
865 410 995 433 XXXVII
1013 401 1032 433 6
1054 413 1065 433 I
1085 403 1101 441 ἓ
1122 412 1156 442 15
1178 402 1277 444 quasi

81 452 236 479 castrense
244 447 417 487 peculium.

146 494 185 521 52
209 493 247 520 33
271 497 388 520 PARTA
412 496 554 519 LABORE
575 496 747 519 MILITIAE
770 488 836 528 dig.
854 495 943 518 XLIx
964 496 999 527 17
1015 492 1172 519 castrense
1178 493 1272 529 pecu-

83 533 164 564 lium
187 537 239 571 est,
258 532 344 573 quod
361 543 381 562 a
397 531 589 572 parentibus
611 532 662 561 vel
681 531 821 572 cognatis
842 531 878 561 in
903 531 1021 561 militia
1044 531 1154 571 agenti
1177 531 1275 561 dona-

81 581 152 607 tum
168 580 211 606 cst
224 576 275 606 vel
288 575 374 616 quod
385 575 448 614 ipse
451 574 549 615 filius
559 574 713 614 familias
728 575 763 604 in
780 573 898 604 militia
914 574 1079 614 adqm'siit,
1099 574 1191 614 quod,
1211 573 1278 604 nisi

82 619 243 656 militaret,
262 617 489 658 adqm'silurns
502 627 567 647 non
577 616 704 657 fuisset.
753 627 832 647 uam
847 617 934 657 quod
945 621 1015 647 erat
1027 621 1056 647 et
1069 617 1138 647 sine
1158 617 1276 647 mulitia

81 661 314 703 adquisiturus,
332 660 368 691 ia'
373 660 534 700 peculium
550 661 616 690 eins
631 664 785 690 castrense
799 670 864 689 nott
880 664 933 690 est.

146 711 313 735 CORPORE
329 710 463 734 CENSUS
488 703 553 742 dig.
572 710 610 733 IV
628 711 644 732 2
663 712 703 732 ‘20
726 712 866 743 corpus
882 701 1088 742 patrimonii.

145 749 186 778 54
208 753 315 777 OMNE
338 753 461 776 TENET
488 753 596 776 coms
623 752 792 775 REGIMEN
822 753 940 776 PATER
968 745 1044 776 Sen.
1071 745 1146 776 ben.
1175 752 1229 775 vn
1255 756 1275 784 4

82 788 142 828 §6
166 789 298 820 omnia
328 788 452 829 patris
478 792 576 826 sunt,
604 798 701 828 quae
724 788 766 818 in
790 788 1008 818 liberorum
1031 798 1143 818 manu
1174 793 1274 818 sunt.

83 832 184 864 Gaius
202 839 229 863 ΙΙ
247 832 286 871 87
308 831 413 872 igitur
428 831 542 871 [quod]
566 831 659 861 liberi
673 829 785 864 nostri,
803 841 880 871 quos
895 831 930 860 in
946 835 1096 871 potestate
1114 831 1275 864 habemus,

86 875 285 915 ...mancipio
307 874 470 914 accipiunt
495 874 545 904 vel
571 883 610 904 ex
635 874 808 904 traditione
832 874 1075 912 nanciscuntur,
1109 874 1175 904 sive
1199 873 1280 914 quid

82 918 279 958 stipulentur
301 918 351 947 vel
375 927 414 948 ex
437 917 623 956 aliqualibet
646 927 743 947 causa
770 916 957 956 adquirant,
989 917 1025 946 id
1049 916 1136 947 nobis
1162 916 1274 957 adqui-

82 961 191 991 ritur:
213 960 277 1001 ipse
297 960 393 998 enim,
420 959 479 1000 qui
499 959 535 990 in
552 963 704 1000 potestate
725 964 835 989 nostra
857 963 908 995 est,
933 959 1022 990 m'lzil
1040 969 1137 990 suum
1163 960 1275 990 habere

107 1006 187 1034 otest.

79 1009 106 1045 p
149 1048 272 1076 54—56
314 1052 497 1076 conANUM
522 1052 663 1075 CAPTAT
687 1052 804 1075 PATER
822 1044 904 1075 from
922 1044 1005 1075 Hor.
1026 1055 1051 1075 s.
1069 1052 1097 1074 11
1116 1053 1133 1084 5
1151 1044 1277 1086 55—69

83 1088 191 1120 where
207 1088 261 1119 the
277 1087 508 1118 father-in-law
524 1087 647 1118 Nasica
667 1087 693 1118 is
710 1087 821 1118 bilked
838 1088 881 1128 by
897 1087 952 1118 the
971 1088 1158 1118 souin-law
1175 1088 1275 1119 Cora-

83 1141 144 1162 nus
167 1141 206 1171 57
231 1136 471 1171 captatorque
493 1130 604 1161 dabit
627 1132 727 1161 risus
749 1131 872 1161 A'asica
896 1130 1060 1161 Corano.

146 1177 186 1204 55
220 1181 441 1204 CASTRORUM
469 1180 568 1204 AERA
596 1180 806 1203 MERENTEM
840 1173 904 1203 Ov.
927 1183 990 1203 am.
1007 1181 1020 1203 1
1037 1183 1055 1214 9
1072 1185 1112 1213 44
1135 1172 1175 1203 in
1198 1183 1276 1204 cas-

83 1216 152 1247 tris
187 1226 276 1247 aera
312 1226 467 1246 merere.
515 1215 604 1246 often
625 1216 783 1256 stipendia
815 1226 941 1253 merere,
967 1226 1005 1246 or
1029 1226 1145 1246 merere
1166 1216 1271 1247 alone.

85 1260 146 1290 See
163 1259 251 1290 Non.
271 1268 304 1299 p.
322 1269 383 1298 344
408 1265 535 1288 MERET
558 1258 679 1288 milz'tat
695 1280 703 1288 .
722 1280 730 1288 .
749 1280 757 1289 .
775 1258 878 1289 Lucil.
897 1258 954 1289 lib.
972 1266 1011 1289 XI
1029 1259 1062 1298 [9
1079 1259 1130 1298 M]
1154 1261 1275 1289 ‘annos

83 1302 134 1332 liic
149 1306 237 1332 terra
252 1301 318 1332 iam
336 1302 449 1342 plures
465 1301 554 1331 miles
568 1301 690 1331 Hibera
712 1299 716 1342 1
736 1301 899 1332 nobiscum
922 1302 1061 1332 meret’
1078 1324 1086 1333 .
1106 1325 1114 1333 .
1136 1325 1144 1334 .
1173 1302 1276 1333 Varro

82 1355 147 1375 rer.
162 1344 254 1375 lium.
270 1344 322 1376 lib.
347 1351 400 1374 xx
425 1344 502 1385 ‘qui
522 1343 560 1374 in
583 1344 696 1375 ordine
715 1348 795 1381 erat,
819 1344 847 1375 is
872 1354 938 1375 aes
961 1344 1135 1377 militare
1159 1355 1275 1376 mere-

83 1386 172 1419 bat.’

148 1433 187 1460 56
209 1437 352 1460 CAPTAT
374 1437 427 1460 XII
444 1439 484 1470 93
501 1440 533 1460 n.
573 1430 614 1471 98
630 1440 661 1460 n.

147 1476 186 1504 5⁷
211 1480 399 1503 PROVEHIT
423 1473 507 1503 Plin.
524 1483 575 1513 ep.
594 1480 619 1503 X
639 1472 740 1513 13=8
763 1472 919 1513 dignitati
937 1472 985 1502 ad
1003 1483 1100 1513 quam
1123 1483 1172 1503 me
1192 1483 1275 1514 pro-

83 1515 191 1546 vexit
214 1515 415 1555 indulgmtia
431 1519 500 1546 tua.
536 1515 615 1546 Tac.
635 1515 669 1546 h.
687 1523 715 1546 ΙΙ
735 1523 772 1556 75
789 1526 805 1546 e
813 1515 961 1556 gregam'o
976 1516 1022 1546 ad
1045 1526 1189 1547 summa
1212 1517 1276 1547 mi-

83 1558 196 1590 litiae
218 1564 458 1599 provectum.

147 1603 187 1632 60
210 1608 391 1631 PHALERIS
415 1608 461 1631 ET
482 1608 692 1636 TORQUIBUS
719 1609 759 1632 x1
787 1610 845 1640 103
868 1612 899 1632 n.
950 1601 1067 1641 Polyb.
1091 1609 1131 1632 VI
1157 1611 1196 1643 39
1219 1602 1235 1640 ξ
1258 1612 1276 1642 3

86 1645 140 1674 ‘to
155 1643 211 1674 the
227 1643 433 1674 foot-soldier
447 1643 522 1674 who
539 1643 597 1674 has
612 1643 679 1674 laid
694 1654 735 1674 an
752 1654 869 1684 enemy
884 1644 948 1675 low
966 1644 1031 1675 and
1051 1645 1177 1685 spoiled
1194 1645 1272 1683 him,

84 1697 104 1717 a
118 1686 240 1727 goblet,
259 1691 293 1716 to
310 1686 364 1717 the
379 1686 552 1716 horseman
569 1685 703 1726 φάλαρα
718 1697 772 1718 are
788 1686 907 1727 given.'
952 1687 1034 1717 DH.
1051 1695 1076 1718 X
1093 1695 1132 1727 37
1149 1688 1186 1719 L.
1208 1688 1277 1720 Sic-

84 1729 152 1760 cius
168 1729 330 1760 Dentatus
345 1739 420 1759 won
435 1731 453 1760 8
458 1739 475 1769 3
491 1729 611 1769 golden
627 1729 745 1760 collars
772 1730 950 1769 (στρεπτοί)
972 1729 1022 1760 for
1038 1730 1092 1760 the
1107 1731 1190 1761 neck
1212 1731 1278 1762 and

86 1780 124 1812 25
142 1772 274 1810 φάλαρα
293 1772 445 1808 ἐπίσημα.
492 1772 548 1803 Sil.
569 1779 618 1802 XV
636 1771 761 1812 254—6
776 1777 846 1802 tum
863 1773 974 1803 merita
989 1777 1174 1813 aequantur
1186 1773 1279 1804 donis

84 1825 122 1845 ιιι·
136 1814 285 1855 praemia
306 1815 412 1844 virtus
432 1813 436 1855 l
454 1815 612 1855 sangnine
628 1819 728 1855 parta
747 1816 839 1856 capit.
885 1815 1061 1856 phaleris
1082 1816 1134 1847 hic
1148 1821 1278 1857 pectora

76 1857 196 1898 fulget,
218 1855 222 1897 Ι
240 1857 294 1887 liic
308 1861 446 1897 torque
462 1862 578 1888 aurato
592 1858 772 1888 circumdat
786 1858 892 1889 bellica
908 1858 995 1890 colla.

151 1907 332 1930 PHALERIS
354 1910 369 1930 e
382 1900 493 1930 before
509 1911 529 1930 r
550 1910 585 1931 as
606 1900 640 1931 in
663 1911 797 1938 camera,
822 1901 996 1932 Camerina
1021 1900 1074 1939 (cf.
1091 1901 1190 1942 Roby
1206 1910 1218 1933 1
1237 1909 1277 1941 73

85 1943 102 1980 ξ
120 1951 183 1981 0230
200 1940 242 1981 3).
289 1942 329 1972 In
349 1943 428 1981 1858
444 1943 601 1984 phalerae
620 1954 705 1974 were
725 1944 913 1975 discovered
935 1949 968 1975 at
989 1944 1176 1975 Lauersfort
1198 1955 1278 1976 near

87 1984 228 2016 Crefeld.
273 1984 368 2024 They
383 1995 436 2016 are
452 1986 562 2016 bosses
579 1985 616 2016 of
631 1986 702 2017 thin
721 1987 850 2024 bronze,
875 1987 972 2017 silver
992 1997 1029 2017 or
1048 1987 1136 2027 gold,
1157 1988 1278 2019 chased

86 2027 120 2058 in
143 2027 245 2064 relies,
272 2027 361 2058 filled
384 2027 418 2058 in
441 2028 521 2059 with
544 2028 644 2069 pitch,
672 2029 736 2059 and
753 2040 843 2060 worn
861 2040 896 2060 as
917 2029 1042 2060 medals
1061 2041 1115 2061 are
1130 2040 1217 2067 now,
1234 2041 1278 2061 on

86 2070 142 2101 the
165 2070 282 2107 breast,
311 2070 456 2101 fastened
472 2076 506 2102 to
529 2082 548 2101 a
571 2072 639 2102 belt
661 2072 705 2112 by
727 2083 746 2102 a
767 2072 959 2113 back-piece
983 2072 1022 2103 of
1042 2082 1172 2114 copper.
1223 2073 1278 2104 On

86 2122 178 2143 some
193 2117 303 2143 stones
324 2113 458 2144 soldiers
479 2124 601 2154 appear
616 2115 759 2155 wearing
774 2123 794 2156 9
808 2115 962 2155 phalerae
982 2125 1026 2146 on
1046 2126 1066 2146 a
1080 2115 1228 2147 network
1244 2116 1284 2147 of

87 2155 206 2195 thongs
229 2166 336 2186 across
358 2156 413 2186 the
439 2157 556 2187 breast.
603 2157 643 2188 In
667 2158 761 2189 inser.
788 2158 952 2198 torquibus
973 2159 1115 2188 armillis
1133 2159 1280 2199 phaleris

87 2198 226 2228 donatus
245 2198 272 2230 is
293 2208 445 2230 common
467 2199 545 2230 CIL
560 2208 583 2230 v
603 2208 681 2242 7495
700 2201 738 2232 L.
763 2201 886 2232 Coelius
904 2201 941 2240 Q.
951 2200 984 2242 fi
1000 2201 1090 2232 miles
1104 2201 1161 2242 leg.
1178 2209 1273 2233 VIIII.
