1458 2476
174 170 222 207 74
612 160 717 198 XIII
774 157 917 199 89—96

171 245 366 276 iuraverat
390 246 564 276 Hannibal
587 256 681 278 aras.
731 254 754 276 v
771 256 822 286 33.
869 246 913 278 So
931 244 962 275 in
984 254 1098 286 prayer
1113 243 1258 275 Macrob.
1289 244 1357 276 Sat.

174 296 215 319 III
236 299 251 318 2
270 290 302 326 ἓξ
322 298 411 327 7—9.

235 338 415 361 TANGUNT
439 338 504 361 XIV
521 340 582 369 ‘219
597 342 628 362 n.

236 376 273 404 91
298 381 419 404 PUTAT
443 382 525 404 ESSE
550 382 639 405 DEOS
666 374 740 406 Sen.
766 378 867 405 contr.
894 384 910 404 ἰ
934 374 985 411 §8
1009 376 1056 409 tu,
1082 383 1154 402 cum
1177 375 1243 402 fam
1267 371 1358 403 ἰηπα-

171 426 242 446 cens
257 427 355 456 quam
373 416 450 446 <iscis
464 417 594 452 vixeris,
617 417 676 447 ista
692 422 791 457 passa
815 417 942 447 credis
966 416 1060 446 deos
1083 415 1190 445 esse?
1235 415 1359 445 Ennius

172 459 205 488 in
224 459 292 489 Cic.
310 459 351 489 de
368 459 467 489 divin.
490 460 549 496 11§
571 469 628 499 104
643 469 693 499 ego
716 460 828 490 deum
851 469 971 499 genus
994 468 1079 488 esse
1102 467 1257 497 semper
1277 457 1359 488 dixi

171 506 199 531 el
213 501 316 531 dicam
339 502 497 537 caelitum,
522 499 526 541 Ι
547 502 600 531 secl
617 513 665 533 eos
688 513 753 532 non
774 513 889 532 curare
907 502 1027 541 opinor,
1051 500 1133 540 quid
1149 503 1227 539 agat
1244 500 1358 530 huma-

174 555 253 573 num
267 554 378 584 genus.
426 544 492 575 Cic.
514 545 554 575 de
571 545 635 575 inv.
653 553 665 574 1
682 547 697 583 ἓ
715 544 754 584 46
777 544 934 585 probable
951 543 1120 584 opinions:
1146 542 1255 582 impiis
1269 542 1364 582 apud

172 586 290 626 z'nfi’ros
299 592 419 627 poenas
437 598 498 618 esse
511 592 722 627 praeparatas
724 598 738 625 ,¹
759 598 814 625 eos,
835 587 894 628 qui
900 586 1119 627 philosophiae
1133 585 1207 615 dent
1220 588 1358 625 opestam,

173 639 248 659 non
271 630 457 660 arbitrari
481 630 576 660 deos
599 641 692 661 esse.

237 680 283 702 ET
311 673 392 702 ‘and
417 671 483 712 yet’
509 681 562 702 VII
585 683 642 712 ¹²4
658 684 688 703 n.
738 673 827 703 Tert.
850 672 934 712 apol.
966 679 1004 711 37
1029 670 1169 701 hesterni
1188 681 1302 700 sumus
1324 675 1360 701 et

173 720 278 745 vestra
294 715 403 745 omnia
420 716 631 755 implevimus.
683 715 753 746 Cic.
772 716 868 745 Tusc.
890 723 900 744 1
918 716 933 752 ἓ
951 714 970 745 6
988 714 1132 744 Kiihner.

238 765 396 788 PEIERAT
420 758 489 788 Cic.
508 759 548 788 (le
566 758 630 788 inv.
649 766 660 788 Ι
677 760 693 796 ξ
710 757 750 797 46
777 759 814 787 in
831 768 861 787 eo
871 767 991 796 genere,
1012 756 1098 796 qnod
1106 755 1264 796 serefierz'
1275 756 1358 791 solet,

166 801 329 840 probabile
358 801 546 831 huiusmodi
575 805 654 831 est...
669 801 779 832 .·...‘si
818 810 959 830 avarus
995 804 1063 836 est,
1096 798 1271 838 neglegit
1301 799 1360 829 ius

174 842 405 874 iurandum.'

238 893 301 916 ITA
323 893 444 916 SECUM
470 885 636 926 (loquitur)
665 893 690 916 X
715 884 775 925 256
799 885 873 915 llaec
894 885 998 916 eadem
1022 884 1142 914 Peleus.
1159 891 1197 914 VI
1214 884 1265 921 87.
1290 892 1358 924 193.

174 935 213 958 xi
234 938 262 967 5.

239 974 277 1001 92
301 979 466 1002 CORPORE
476 976 537 1011 per
551 972 682 1001 salutem
700 981 811 1008 meam,
825 975 886 1010 per
899 974 993 1011 caput
1006 969 1091 1009 (Liv.
1105 976 1195 999 XXVI
1208 969 1248 1008 48
1264 969 1280 1006 ξ
1297 967 1359 1008 12),

167 1018 228 1054 per
242 1014 352 1047 oculos,
370 1025 454 1045 were
470 1014 560 1044 111<ual
578 1015 675 1045 forms
692 1014 728 1044 of
740 1014 841 1044 oaths.

239 1059 278 1086 93
303 1064 366 1087 1513
397 1067 440 1087 on
461 1057 517 1087 the
538 1057 679 1097 worship
702 1056 739 1087 of
757 1057 821 1087 this
844 1055 1010 1096 Egyptian
1033 1054 1173 1095 goddess
1196 1053 1230 1084 in
1255 1053 1361 1084 Rome

173 1098 213 1129 cs.
235 1107 288 1129 XII
309 1100 345 1130 28
365 1109 397 1130 n.
448 1099 531 1129 Plin.
551 1108 578 1130 II
595 1101 612 1138 ἓ
630 1110 665 1130 21
684 1099 1051 1138 externisfamulantur
1064 1096 1171 1127 sacris.

240 1149 334 1172 LUMI
342 1149 389 1172 NA
413 1152 454 1172 on
471 1142 578 1172 which
595 1153 614 1172 a
630 1153 720 1173 curse
736 1153 811 1181 may
827 1142 907 1172 have
924 1142 1006 1171 been
1023 1139 1164 1170 invoked
1182 1138 1244 1170 OV.
1263 1139 1358 1170 Pont-

173 1191 186 1214 1
204 1195 216 1215 1
233 1194 357 1223 51—54
367 1185 438 1215 vidi
450 1196 501 1225 ego
517 1186 669 1225 lt'm'gerae
684 1196 803 1215 numen
819 1185 949 1214 violasse
949 1183 1106 1224 fatenz‘em
1126 1180 1130 1222 Ι
1152 1182 1282 1212 Isidos
1298 1182 1360 1212 lsi-

173 1237 243 1257 acos
272 1232 348 1257 aute
376 1228 476 1258 sedere
499 1228 590 1267 focos.
616 1228 619 1266 Ι
641 1228 746 1258 alter
775 1227 822 1257 ob
852 1227 943 1257 huic
974 1226 1148 1256 similem
1180 1224 1360 1265 privatus

173 1270 320 1300 lumine
357 1270 514 1310 culpam
534 1270 537 1310 Ι
558 1271 718 1300 clamabat
747 1270 848 1300 media
882 1280 913 1299 se
942 1270 1092 1299 meruisse
1120 1267 1184 1298 via.
1234 1267 1360 1297 anthol.

175 1312 242 1343 Pal.
268 1321 305 1343 XI
326 1320 382 1351 115
409 1315 445 1350 ἤν
468 1312 527 1343 τιν’
552 1315 626 1351 ἔχῃς
644 1313 766 1350 ἐχθρόν,
791 1314 944 1347 Διονύσιε,
972 1312 1019 1348 μὴ
1043 1308 1245 1347 καταρα’σῃ
1267 1308 1270 1349 Ι
1290 1312 1360 1347 τὴν

166 1353 268 1385 Ἶσιν
284 1357 395 1394 τούτῳ,
412 1357 490 1393 μηδὲ
506 1355 799 1394 τὸν“Αρποκράτην,
825 1354 828 1394 Ι
847 1354 919 1392 μηδ’
936 1355 1046 1384 εἴτις
1068 1354 1240 1390 τυφλοὺς
1259 1353 1364 1382 ποιεῖ

176 1399 252 1429 θεός.
300 1398 466 1438 Compare
479 1398 534 1429 the
550 1398 683 1439 legends
705 1398 742 1428 of
759 1398 910 1434 Tiresias,
932 1396 1134 1428 Stesichorus
1150 1395 1215 1425 and
1232 1395 1360 1435 Appius

176 1440 332 1471 Claudius
349 1441 483 1471 Caecus.

240 1491 364 1514 SISTRO
392 1484 549 1522 (σεῖστρον
576 1483 674 1521 σείω).
722 1483 800 1513 Luc.
829 1490 898 1512 VIII
926 1483 985 1522 831
1016 1482 1076 1519 832
1103 1491 1158 1511 nos
1183 1479 1219 1510 in
1246 1479 1361 1520 templa

175 1529 264 1556 tuam
283 1527 431 1556 Romana
448 1526 620 1566 (zccqn'mus
642 1526 725 1556 Isin
744 1524 748 1565 Ι
773 1530 839 1556 ...et
858 1525 978 1556 sistra
998 1524 1138 1554 iubentia
1155 1523 1265 1553 luctus.
1315 1522 1360 1552 id.

176 1577 199 1598 x
216 1567 256 1608 63
273 1569 311 1599 of
323 1569 498 1609 Cleopatra
513 1569 629 1599 terruit
643 1569 701 1598 illa
716 1579 782 1606 suo,
801 1568 904 1608 sisas,
929 1567 1086 1607 Capitalia
1107 1566 1235 1597 sistro.
1275 1565 1360 1595 Plut.

176 1612 217 1642 Is.
246 1617 277 1642 et
295 1611 379 1642 Osir.
405 1611 446 1651 63
470 1613 525 1641 τοῦ
551 1612 584 1642 δὲ
610 1613 754 1650 σείστρου
781 1611 964 1649 περιφεροῦς
991 1609 1105 1640 ἄνωθεν
1131 1609 1215 1639 ὄντος
1242 1607 1262 1644 ἡ
1289 1607 1362 1646 ἁψὶς

176 1655 315 1692 περιέχει
345 1655 386 1684 τὰ
415 1655 558 1690 σειόμενα
573 1655 736 1691 -τέτταρα,
785 1653 846 1684 See
872 1652 966 1682 Rich.
992 1651 1175 1682 Foreellini.
1206 1650 1275 1681 also
1307 1651 1362 1680 the

179 1696 295 1736 figures
311 1707 354 1727 on
371 1697 425 1727 the
442 1697 533 1726 walls
555 1696 589 1727 of
608 1697 662 1727 the
683 1696 805 1736 temple
828 1695 865 1726 of
881 1695 942 1725 Isis
960 1695 1005 1731 (in
1023 1692 1244 1724 Donaldson's
1266 1693 1361 1723 Pom-

176 1739 240 1779 peii
268 1749 280 1769 1
307 1749 343 1769 or
367 1739 539 1769 Overbeck
563 1750 599 1769 or
623 1740 737 1778 Dyer).
784 1738 918 1770 Several
939 1747 994 1768 are
1016 1736 1050 1767 in
1073 1736 1128 1767 the
1150 1735 1270 1766 British
1292 1745 1361 1766 mu-

177 1792 276 1818 seum,
298 1787 329 1812 at
347 1782 472 1822 Naples
489 1782 552 1812 and
570 1787 602 1812 at
620 1782 740 1812 Berlin.

241 1827 361 1854 94—95
385 1832 455 1854 VEL
471 1831 839 1855 CAECUS...D1MID1UM
858 1830 947 1853 CRUS
963 1825 1104 1852 contrast
1120 1822 1214 1851 Matt.
1237 1821 1273 1851 18
1292 1820 1318 1850 8.

240 1870 278 1896 95
304 1875 472 1897 PHTHISIS
501 1867 650 1898 Scribon.
684 1865 743 1897 186
783 1866 1032 1905 minutatimque
1055 1869 1117 1904 per
1143 1864 1242 1894 tabem
1271 1862 1365 1903 quasi

177 1919 198 1950 p
204 1909 225 1939 h
236 1914 245 1939 t
253 1909 327 1939 hisi
336 1920 351 1940 c
359 1909 367 1939 i
392 1914 639 1939 consumuntur.

242 1959 410 1982 VOMICAE
434 1952 620 1982 Foreellini.
668 1951 744 1982 Sen.
762 1961 813 1992 ep.
829 1950 870 1981 68
887 1951 902 1988 ἓ
918 1951 945 1981 8.

243 1998 280 2025 96
305 2002 417 2024 TANTI
442 2002 466 2024 x
482 2003 521 2033 07
539 2005 571 2024 n.
615 1996 664 2025 ‘et
688 1994 833 2034 phthisin
857 1999 887 2024 et
910 1997 1017 2023 cetera
1040 2001 1078 2022 ea
1100 1990 1291 2022 condicione
1316 1990 1362 2025 (ut

177 2036 302 2067 lucrum
319 2036 445 2073 faciam)
472 2037 578 2067 subire
599 2047 716 2077 operae
736 2038 874 2076 pretium
890 2034 960 2066 est.’
1007 2042 1153 2064 MADVIG
1174 2033 1362 2073 comparing

178 2080 240 2110 Ov⁴
261 2090 303 2110 m.
324 2088 351 2109 11
368 2090 430 2118 424
446 2083 505 2109 aut
517 2080 546 2110 si
562 2080 709 2117 rescierit,
728 2084 806 2109 sunt
820 2089 836 2108 o
851 2082 929 2108 sunt
944 2078 1053 2117 ila-gia
1074 2076 1174 2107 tanti
1199 2076 1271 2106 ‘i.e.
1289 2076 1361 2105 sub-

179 2128 291 2152 eantur
308 2122 421 2162 iurgia,
444 2133 510 2152 non
529 2132 642 2152 recuso
662 2123 695 2152 in
716 2122 776 2151 hac
793 2120 912 2151 causa.'
958 2121 1056 2150 Mart.
1074 2127 1087 2148 Ι
1108 2129 1143 2149 12
1164 2128 1199 2149 11
1222 2128 1257 2148 12
1275 2128 1363 2148 nunc

177 2170 205 2195 et
220 2165 341 2195 damna
359 2166 486 2203 iuvant,
505 2169 583 2195 sunt
597 2165 666 2205 ipsa
675 2164 820 2205 pericula
842 2163 959 2195 tanti:
979 2161 984 2203 Ι
1003 2162 1125 2192 stantia
1142 2171 1206 2191 non
1215 2164 1364 2201 poterant

1446 2234 1455 2255 Α·
1448 2214 1453 2219 ⁴
1446 1822 1458 2199 uua-Qua..-

1440 2299 1458 2476 oeu‘tw·
1447 2266 1458 2283 *-
