1458 2476
189 209 233 232 10
721 196 827 233 XIII

183 295 250 331 per
281 282 379 320 Solis
410 281 537 319 radios
572 282 815 331 Tarpeiaque
850 282 1010 321 fulmina
1041 282 1138 321 iurat

183 353 222 382 et
255 345 391 382 Martis
425 346 609 383 frameam
641 353 678 383 et
710 346 853 385 Cirraei
885 346 1033 395 spicula
1063 346 1172 391 vatis,

182 422 250 458 per
280 411 449 447 calamos
480 409 682 448 venatricis
717 411 1011 459 pharetramque
1042 411 1203 459 puellae,
1315 411 1364 447 80

183 486 326 522 perque
357 480 478 520 tuum,
512 481 621 522 pater
653 474 799 523 Aegaei
832 476 1027 523 Neptune,
1061 474 1267 512 tridentem
1276 489 1287 522 ς

183 537 291 575 addit
325 544 361 575 et
398 539 613 575 Herculeos
643 551 752 576 arcus
786 539 1014 587 hastamque
1047 538 1256 586 Minervae,

184 602 371 651 quidquid
405 604 549 640 habent
579 604 741 641 telorum
776 603 1069 641 armamentaria
1101 603 1206 642 caeli.

184 666 215 704 si
244 680 334 705 vero
365 674 402 705 et
430 675 539 716 pater
567 675 635 714 est,
667 669 910 706 ‘comedam'
941 667 1067 716 inquit
1098 668 1245 706 ‘flebile
1274 668 1355 705 nati

183 730 349 780 sinciput
379 731 466 769 elixi
496 732 717 781 Pharioque
746 732 937 770 madentis
967 733 1101 770 aceto.'
1316 734 1361 781 85

235 797 332 834 Sunt
361 796 400 833 in
428 798 604 834 fortunae
634 797 700 846 qui
730 797 880 834 casibus
910 796 1041 834 omnia
1069 803 1216 844 ponant

183 868 220 898 et
249 862 356 898 nullo
385 862 544 899 credant
573 862 765 899 mundum
793 869 940 898 rectore
970 860 1126 907 moveri,

182 932 318 963 natura
345 927 524 963 volvente
554 925 657 963 vices
687 933 724 963 et
753 925 848 963 lucis
878 933 916 963 et
944 925 1046 972 anni,

182 997 297 1038 atque
326 989 415 1027 ideo
444 989 624 1039 intrepidi
654 1003 924 1039 quaecumque
952 989 1084 1027 altaria
1111 995 1282 1038 tangunt.

184 1050 257 1103 [est
285 1052 380 1090 alius
410 1060 597 1100 metuens,
629 1066 678 1090 ne
707 1053 852 1090 crimen
881 1066 1008 1102 poena
1035 1050 1252 1103 sequaturj]
1315 1065 1363 1100 90

182 1117 244 1155 hic
272 1125 380 1167 putat
409 1131 492 1156 esse
521 1119 615 1156 deos
645 1125 682 1156 et
711 1118 865 1167 peierat,
899 1126 1016 1166 atque
1045 1117 1098 1154 ita
1126 1129 1259 1154 secum

185 1183 388 1219 ‘decernat
417 1182 694 1231 quodcumque
723 1183 827 1219 volet
856 1183 905 1219 de
936 1194 1096 1230 corpore
1126 1187 1257 1217 nostro

183 1245 254 1283 Isis
283 1253 320 1283 et
349 1245 445 1283 irato
474 1246 581 1283 feriat
609 1259 697 1283 mea
725 1246 872 1283 lumina
899 1245 1021 1292 sistro,

182 1311 398 1348 dummodo
426 1312 487 1348 vel
515 1324 652 1348 caecus
682 1318 834 1348 teneam
864 1323 961 1359 quos
990 1311 1141 1360 abnego
1170 1324 1360 1348 nummos.

182 1380 219 1410 et
248 1373 412 1422 phthisis
443 1381 479 1411 et
508 1373 683 1411 vomicae
712 1380 841 1422 putres
870 1380 909 1411 et
938 1373 1143 1410 dimidium
1172 1386 1257 1410 crus
1315 1385 1360 1421 95

181 1444 270 1475 sunt
299 1437 408 1475 tanti.
464 1451 611 1487 pauper
638 1438 872 1486 locupletem
902 1444 1034 1485 optare
1063 1438 1274 1486 podagram

181 1514 253 1539 nec
283 1501 434 1539 dubitet
465 1502 602 1548 Ladas,
634 1501 665 1538 si
694 1513 773 1538 non
803 1507 889 1548 eget
918 1500 1103 1549 Anticyra
1131 1513 1204 1538 nec

180 1564 398 1613 Archigene
407 1578 417 1611 5
456 1564 551 1613 quid
580 1564 683 1602 enim
712 1564 854 1601 velocis
884 1563 1004 1613 gloria
1032 1565 1186 1612 plantae

180 1636 345 1676 praestat
374 1636 412 1666 et
440 1629 609 1666 esuriens
640 1628 798 1666 Pisaeae
826 1642 954 1666 ramus
984 1629 1137 1666 olivae?

180 1699 221 1729 ut
251 1692 297 1730 sit
326 1706 475 1742 magna,
498 1700 627 1730 tamen
654 1700 757 1730 certe
782 1693 887 1730 lenta
912 1692 966 1730 ira
992 1693 1154 1730 deorum
1180 1699 1237 1730 est
1245 1707 1256 1740 3
1290 1707 1361 1730 100

179 1756 210 1793 si
239 1764 373 1794 curant
404 1757 517 1806 igitur
545 1765 705 1794 cunctos
734 1757 870 1806 punire
899 1765 1095 1804 nocentes,

180 1822 338 1869 quando
367 1822 417 1858 ad
446 1834 509 1859 me
537 1821 722 1859 venient?
777 1822 845 1859 sed
875 1829 913 1859 et
943 1821 1136 1859 exorabile
1166 1835 1311 1860 numen

178 1887 337 1923 fortasse
367 1886 556 1935 experiar3
594 1887 691 1923 solet
719 1885 778 1923 his
807 1885 1015 1935 ignoscere.
1073 1886 1184 1923 multi

179 1949 426 1987 committunt
456 1951 592 1987 eadem
623 1950 773 1988 diverso
803 1949 963 1987 crimina
992 1951 1093 1995 fato;

178 2013 241 2050 ille
270 2027 424 2052 crucem
454 2014 605 2052 sceleris
636 2015 801 2064 pretium
830 2014 926 2059 tulit,
957 2014 1019 2051 hic
1049 2014 1253 2052 diadema.’
1287 2027 1355 2063 105

178 2078 232 2115 sic
260 2078 432 2116 animum
462 2078 566 2116 dirae
596 2079 789 2128 trepidum
819 2078 1022 2116 formidine
1052 2080 1188 2127 culpae

178 2143 390 2187 confirmat,
422 2148 514 2178 tunc
543 2149 580 2179 te
610 2155 716 2179 sacra
745 2143 795 2180 ad
823 2142 983 2179 delubra
1011 2150 1216 2179 vocantem

242 2216 279 2253 85
305 2215 448 2257 sarioque
466 2216 518 2257 Pl
539 2217 579 2248 86
603 2217 635 2249 in
651 2228 710 2249 om.
732 2216 785 2258 ΡΙ
809 2227 865 2258 103
890 2218 916 2248 is
932 2216 985 2258 Pl
1010 2225 1065 2257 107
1090 2216 1258 2248 confirmat
1281 2218 1356 2248 SS‘:
