1458 2476
189 197 233 222 12
713 188 821 225 XIII

182 284 281 308 vana
308 272 534 320 supervacui
563 273 698 312 dicunt
726 275 977 324 chirographa
1006 274 1109 324 ligni,

183 335 305 385 arguit
334 336 504 385 ipsorum
533 350 630 387 quos
659 338 784 377 littera
810 352 1043 388 gemmaque
1072 339 1250 388 princeps

184 401 480 450 sardonychum,
511 403 647 441 loculis
676 416 776 453 quae
805 403 1021 441 custoditur
1049 403 1221 441 eburnis:

183 471 327 502 ten—o
356 465 512 504 delicias
529 469 697 505 l—extra
725 467 948 505 communia
976 480 1110 505 censes
1291 481 1362 513 140

182 529 423 576 ponendum,
453 529 544 578 quia
572 537 613 568 tu
641 530 805 579 gallinae
834 530 932 567 filius
962 530 1083 577 albae,

183 604 254 629 nos
283 591 376 630 viles
405 593 509 641 pulli,
541 593 620 630 nati
649 593 863 631 infelicibus
893 593 1003 630 ovis?

183 667 264 691 rem
294 655 433 703 pateris
462 656 657 694 modicam
687 664 724 695 et
753 656 939 694 mediocri
968 656 1044 694 bile
1072 657 1280 703 ferendam,

185 717 215 754 si
244 719 374 757 flectas
404 721 537 758 oculos
566 721 711 758 maiora
739 722 789 758 ad
819 721 988 759 crimina.
1046 722 1177 758 confer

184 784 423 821 conductum
452 786 653 832 latronem,
684 786 864 823 incendia
892 787 1046 834 sulpure
1075 793 1214 834 coepta
1291 797 1359 834 145

184 854 299 895 atque
329 849 430 896 dolo,
462 849 605 898 primos
635 863 724 886 cum
753 849 869 887 ianua
897 849 1041 899 colligit
1069 849 1175 897 ignes
1185 862 1194 895 3

184 912 317 948 confer
346 919 383 949 et
412 913 494 959 hos,
525 913 662 950 veteris
692 913 757 962 qui
786 914 926 950 tollunt
954 913 1114 963 grandia
1142 912 1275 961 templi

186 977 326 1023 pocula
355 977 577 1014 adorandae
605 976 787 1026 robiginis
817 984 855 1014 et
882 978 1114 1025 populorum

185 1039 288 1076 dona
316 1041 377 1077 vel
406 1040 566 1089 antiquo
594 1041 739 1090 positas
768 1054 791 1078 a
818 1054 905 1090 rege
935 1053 1107 1078 coronas.

184 1103 281 1140 haec
300 1103 353 1141 ibi
372 1103 403 1141 si
427 1117 506 1142 non
530 1112 629 1152 sunt,
651 1104 778 1142 minor
801 1112 932 1143 extant
955 1105 1169 1154 sacrilegus,
1192 1105 1258 1154 qui
1292 1119 1362 1155 150

183 1168 292 1205 radat
321 1168 483 1206 inaurati
512 1170 635 1206 femur
664 1169 844 1207 Herculis
874 1177 911 1207 et
940 1170 1077 1207 faciem
1106 1170 1229 1218 ipsam

184 1232 369 1280 Neptuni,
400 1233 466 1282 qui
495 1233 723 1271 bratteolam
753 1235 801 1272 de
832 1235 991 1272 Castore
1021 1236 1161 1272 ducat:

186 1309 234 1333 an
264 1296 443 1334 dubitet?
498 1297 689 1335 solitumst
714 1305 839 1335 totum
869 1299 1036 1336 conflare
1065 1306 1276 1336 tonantem.

183 1362 316 1398 confer
343 1368 381 1398 et
409 1361 570 1399 artifices
599 1370 930 1412 mercatoremque
958 1363 1098 1401 veneni

185 1432 223 1462 et
252 1426 529 1463 deducendum
558 1426 663 1464 corio
692 1427 800 1464 bovis
829 1427 869 1464 in
896 1440 1011 1475 mare,
1044 1441 1133 1465 cum
1162 1441 1241 1477 quo
1292 1441 1361 1478 155

185 1489 377 1527 clauditur
404 1490 571 1528 adversis
599 1491 757 1529 innoxia
785 1491 896 1529 simia
922 1492 1017 1530 fatis.

183 1555 280 1592 haec
300 1563 419 1604 quota
445 1569 530 1605 pars
557 1558 756 1603 scelerum,
778 1570 878 1605 quae
905 1566 1033 1595 custos
1064 1557 1234 1596 Gallicus
1261 1559 1363 1596 urbis

184 1632 305 1668 usque
334 1633 356 1657 a
384 1620 543 1658 lucifero
573 1622 700 1658 donec
729 1622 795 1658 lux
824 1621 974 1659 occidat
1003 1622 1140 1659 audit?

183 1683 344 1720 humani
372 1684 522 1732 generis
552 1697 679 1721 mores
709 1684 778 1722 tibi
807 1697 921 1721 nosse
950 1684 1094 1721 volenti

184 1747 322 1784 sufficit
351 1761 429 1785 una
457 1749 621 1796 domus3
658 1762 802 1797 paucos
831 1761 1017 1786 consume
1047 1748 1128 1786 dies
1158 1755 1195 1786 et
1291 1750 1363 1786 160

184 1810 311 1848 dicere
341 1818 379 1848 te
408 1811 602 1857 miserum,
633 1820 839 1861 postquam
868 1812 973 1849 illinc
1001 1811 1159 1859 veneris,
1191 1812 1301 1849 aude.

184 1874 268 1922 quis
298 1875 492 1912 tumidum
521 1883 651 1925 guttur
683 1876 841 1914 miratur
867 1875 907 1913 in
935 1876 1129 1924 Alpibus?
1183 1883 1249 1913 aut
1278 1875 1362 1925 quis

184 1938 222 1975 in
254 1941 389 1977 Meroe
419 1953 546 1978 crasso
575 1941 761 1978 maiorem
789 1941 934 1978 infante
963 1941 1203 1979 mamillam?

183 2005 334 2040 caerula
362 2004 447 2053 quis
476 2005 621 2053 stupuit
651 2006 834 2044 Germani
862 2005 1018 2053 lumina,
1049 2005 1187 2042 flavam

251 2103 308 2135 139
336 2104 395 2133 140
417 2095 601 2134 transponit
622 2093 676 2135 Pl
700 2104 754 2134 141
780 2095 878 2135 quid?
901 2094 1018 2125 Heinr.
1042 2094 1160 2135 Jahn:
1183 2093 1258 2133 quia
1278 2093 1333 2124 Poe
1356 2091 1360 2133 Ι

188 2156 244 2187 147
263 2153 387 2179 veteres
401 2149 434 2178 P
451 2147 454 2188 Ι
479 2159 536 2187 153
553 2149 714 2179 solitumst
731 2149 856 2179 lllnm'o
871 2160 878 2179 ε
901 2149 1014 2178 solitus
1030 2158 1103 2177 mss.
1120 2152 1149 2178 et
1163 2148 1228 2178 edd.
1250 2147 1254 2188 Ι
1275 2157 1361 2178 cum-

183 2200 259 2231 ssare
275 2199 354 2241 PSI
378 2210 434 2240 155
451 2201 543 2231 bo*is
560 2200 612 2242 Pl
638 2200 694 2240 163
719 2212 806 2232 mero
826 2200 873 2241 ΡΙ
900 2200 956 2239 164
980 2201 1034 2241 qui
1050 2202 1083 2231 P
