1458 2476
605 193 703 230 XVI
1196 200 1244 240 35

592 639 689 676 XVI

147 779 238 817 UIS
267 790 468 816 numerare
497 785 613 827 queat
641 776 762 815 felicis
791 776 971 826 praemia,
1005 777 1124 823 Galli,

171 841 353 880 militiae?
380 854 475 879 nam
505 841 536 879 si
564 840 778 878 subeuntur
804 852 989 889 prospera
1017 848 1150 886 castra,

54 915 117 941 me
146 904 331 953 pavidum
361 905 524 954 excipiat
554 904 718 942 tironem
747 911 858 953 porta
885 905 1059 942 secundo

52 970 185 1009 sidere.
244 972 331 1020 plus
361 971 504 1010 etenim
533 971 600 1008 sati
628 972 729 1008 valet
757 970 851 1008 hora
879 969 1047 1020 benigni,

53 1048 170 1084 quam
200 1035 230 1074 si
258 1049 331 1074 nos
360 1036 522 1074 Veneris
551 1036 801 1074 commendet
829 1034 994 1084 epistula
1024 1033 1141 1071 Marti
1217 1046 1235 1082 5

52 1106 89 1137 et
118 1099 246 1138 Samia
273 1100 446 1149 genetrix
475 1112 574 1148 quae
603 1100 816 1138 delectatur
844 1099 996 1136 harena.

104 1164 325 1202 Commoda
353 1171 560 1201 tractemus
589 1163 756 1212 primum
785 1161 1018 1210 communia,
1050 1175 1215 1211 quorum

49 1225 143 1263 haut
171 1226 375 1264 minimum
404 1227 499 1264 illud
529 1226 607 1274 erit,
639 1239 688 1264 ne
717 1233 755 1265 te
783 1227 933 1275 pulsare
962 1233 1115 1275 togatus

47 1291 200 1338 audeat,
231 1291 352 1330 immo
381 1292 452 1330 etsi
479 1293 661 1342 pulsetur,
693 1291 908 1330 dissimulet
937 1304 1010 1329 nec

49 1355 190 1392 audeat
219 1368 401 1394 excussos
430 1356 596 1405 praetori
625 1356 829 1394 ostendere
859 1356 995 1394 dentes
1190 1371 1235 1395 10

48 1424 86 1455 et
114 1417 261 1467 nigram
290 1419 329 1457 in
358 1420 455 1458 facie
485 1419 642 1458 tumidis
671 1419 853 1458 livoribus
882 1421 999 1458 offam

49 1489 166 1531 atque
195 1484 353 1520 oculum
381 1484 537 1522 medico
566 1484 619 1522 nil
647 1484 897 1533 promittente
926 1483 1110 1522 relictum.

48 1545 402 1586 Bardaicus-iudex
430 1549 541 1586 datur
568 1549 666 1586 haec
694 1548 829 1598 punire
857 1548 1003 1587 volenti

47 1608 199 1646 calceus
228 1616 265 1647 et
293 1611 456 1659 grandes
485 1623 626 1660 magna
654 1612 704 1649 ad
733 1611 914 1649 subsellia
940 1625 1060 1659 surae,

47 1671 195 1721 legibus
223 1673 391 1723 antiquis
420 1682 633 1713 castrorum
662 1683 700 1713 et
727 1688 836 1713 more
865 1675 1020 1714 Camilli
1186 1689 1227 1726 15

46 1743 207 1783 servato,
237 1737 347 1776 miles
376 1751 426 1777 ne
453 1740 597 1776 vallum
625 1739 747 1788 litiget
775 1747 882 1777 extra

46 1806 83 1836 et
110 1801 245 1848 procul
273 1814 295 1838 a
324 1801 448 1852 signis.
506 1803 713 1841 iustissima
745 1804 1017 1842 centurionum

46 1861 214 1910 cognitio
243 1872 299 1901 est
328 1864 440 1913 igitur
469 1866 518 1904 de
546 1866 679 1913 milite,
708 1880 782 1904 nec
809 1867 904 1905 mihi
932 1868 1030 1906 derit

45 1925 150 1973 ultio,
181 1926 211 1964 si
239 1927 361 1967 iustae
390 1931 558 1968 defertur
586 1944 702 1969 causa
731 1933 922 1981 querellae
931 1946 942 1979 3

44 1994 126 2024 tota
153 1988 291 2028 cohors
319 1998 450 2030 tamen
478 2002 535 2031 cst
563 1993 730 2041 inimica,
751 2008 966 2045 omnesque
986 1996 1147 2046 manipli
1178 2010 1226 2034 20

43 2066 234 2092 consensu
262 2068 404 2106 magno
433 2058 614 2107 efficiunt,
645 2059 823 2098 curabilis
852 2067 893 2098 ut
921 2060 968 2098 sit

110 2159 121 2180 1
150 2151 244 2182 Galle
260 2150 334 2192 pm!
359 2163 394 2184 12
418 2154 524 2196 adque
549 2154 600 2197 Pl
621 2155 767 2187 relictum
790 2167 850 2187 om.
869 2157 923 2198 P}
947 2157 983 2188 18
1006 2157 1137 2198 cognito
1153 2156 1205 2199 ΡΙ

42 2213 85 2235 20
108 2209 216 2236 tamen
233 2206 347 2237 cohors
363 2207 397 2238 P

1010 2289 1111 2325 3—2
