1458 2476
650 186 734 222 XII
1263 198 1281 234 5

99 274 205 311 nulla
232 285 418 323 umquam
447 284 518 322 pro
546 278 653 321 patre
682 272 807 310 cadet.
866 269 1008 309 sentire
1036 271 1205 309 calorem

100 339 130 376 si
158 337 287 388 coepit
314 338 489 387 locuples
519 337 678 375 Gallitta
706 345 744 375 et
774 335 912 374 Pacius
941 335 1037 383 orbi,

98 403 269 453 legitime
298 403 381 441 fixis
409 402 569 441 vestitur
597 409 679 440 tota
707 401 846 439 libellis
1213 414 1286 438 100

98 468 279 518 porticus,
311 467 478 506 existunt
506 466 572 517 qui
599 466 827 516 promittant
854 467 1125 504 hecatomben.

101 540 291 581 quatenus
320 531 383 569 hic
412 545 493 569 non
522 539 612 569 sunt
641 544 714 570 nec
741 532 898 569 venales
927 531 1134 581 elephanti,

100 610 173 635 nec
200 596 315 634 Latio
343 603 409 634 aut
437 609 604 646 usquam
634 597 707 634 sub
736 602 868 634 nostro
898 595 1023 634 sidere
1052 596 1137 634 talis

100 663 215 700 belua
243 661 472 711 concipitur,
504 662 574 699 sed
603 662 710 698 furva
737 667 854 710 gente
883 659 1005 709 petita

101 725 301 763 arboribus
331 725 487 763 Rutulis
516 732 554 763 et
582 723 705 762 Turni
733 723 903 774 pascitur
931 736 1033 773 agro,
1215 735 1284 772 105

102 789 277 829 Caesaris
306 797 536 836 armentum,
567 789 662 827 nulli
692 788 832 826 servire
860 795 1036 837 paratum

100 855 273 904 privato:
312 854 505 902 siquidem
534 854 652 902 Tyrio
681 865 813 902 parere
843 854 1022 890 solebant

103 918 319 956 Hannibali
349 925 386 956 et
414 917 554 956 nostris
583 917 748 955 ducibus
778 917 935 966 regique
966 917 1144 954 Molosso

100 984 238 1022 horum
268 983 432 1021 maiores
461 996 507 1020 ac
536 983 652 1020 dorso
681 984 776 1020 ferre
806 983 986 1020 cohortes
1215 995 1287 1030 109

100 1054 249 1097 partem
270 1046 442 1095 aliquam
462 1045 554 1083 belli
575 1054 611 1083 et
633 1053 789 1083 euntem
815 1045 854 1082 in
880 1045 1029 1094 proelia
1048 1051 1209 1082 turrem:

101 1113 206 1150 nulla
225 1112 337 1162 igitur
356 1124 464 1149 mora
483 1124 552 1161 per
572 1110 754 1158 Novium,
772 1123 880 1148 mora
896 1112 1002 1148 nulla
1020 1123 1089 1159 per
1110 1110 1288 1148 Histrum

101 1177 322 1224 Pacuvium,
354 1176 448 1226 quin
477 1176 573 1214 illud
603 1176 698 1214 ebur
726 1177 889 1214 ducatur
915 1177 967 1214 ad
995 1189 1078 1213 aras

103 1251 140 1280 et
169 1243 284 1280 cadat
312 1249 403 1279 ante
433 1243 550 1279 Lares
580 1241 773 1288 Gallittae,
804 1240 962 1279 victima
990 1242 1072 1278 sola

103 1307 220 1344 tantis
251 1306 370 1356 digna
399 1306 481 1344 deis
511 1313 549 1343 et
579 1305 844 1355 captatoribus
872 1306 1020 1343 horum.

102 1372 197 1409 alter
225 1370 341 1417 enim,
373 1370 403 1408 si
433 1371 628 1408 concedas
656 1378 837 1416 mactare,
867 1370 1024 1408 vovebit
1217 1384 1286 1420 115

104 1438 153 1474 de
181 1449 296 1485 grege
327 1448 524 1473 servorum
554 1448 695 1484 magna
724 1443 761 1474 et
789 1435 1050 1485 pulcherrima
1078 1449 1257 1485 quaeque

103 1514 276 1551 corpora,
306 1501 367 1539 vel
396 1500 524 1549 pueris
554 1508 591 1538 et
620 1501 811 1539 frontibus
840 1500 1067 1538 ancillarum

102 1566 265 1615 inponet
293 1564 406 1602 vittas
436 1571 484 1611 et,
517 1564 547 1601 si
577 1577 654 1613 qua
683 1572 740 1602 est
769 1564 911 1603 nubilis
941 1564 996 1602 illi

104 1629 309 1679 Iphigenia
337 1628 456 1675 domi,
489 1628 597 1666 dabit
626 1630 726 1666 hanc
754 1629 948 1674 altaribus,
980 1630 1051 1667 etsi

103 1707 183 1732 non
213 1700 340 1742 sperat
369 1693 535 1742 tragicae
564 1692 702 1730 furtiva
730 1694 881 1742 piacula
911 1707 1056 1732 cervae.
1218 1708 1290 1731 120

101 1759 219 1796 laudo
249 1771 380 1796 meum
410 1758 547 1802 civem,
578 1770 650 1795 nec
679 1770 864 1807 comparo
893 1765 1127 1796 testamento

102 1822 208 1860 mille
235 1830 360 1869 rates;
399 1835 488 1860 nam
518 1821 549 1859 si
578 1821 790 1860 Libitinam
820 1823 982 1860 evaserit
1011 1836 1135 1872 aeger,

102 1887 248 1926 delebit
277 1888 440 1932 tabulas,
472 1887 644 1924 inclusus
673 1899 825 1924 carcere
854 1900 1002 1934 nassae,

102 1960 189 2000 post
218 1952 396 1990 meritum
426 1964 517 1989 sane
546 1951 775 1998 mirandum,
806 1959 923 2000 atque
953 1951 1084 1989 omnia
1113 1952 1184 1990 soli

103 2016 230 2052 forsan
260 2014 430 2052 Pacuvio
458 2014 624 2052 breviter
652 2013 771 2061 dabit,
804 2014 866 2052 ille
897 2016 1085 2064 superbus
1217 2028 1285 2064 125

173 2164 231 2197 109
247 2155 389 2186 cohortis
403 2156 436 2186 P
451 2153 455 2196 Ι
480 2166 491 2186 1
503 2166 539 2186 10
554 2155 732 2196 belliqetP
747 2154 750 2196 Ι
776 2166 788 2186 Ι
798 2166 809 2186 1
820 2166 831 2186 1
848 2156 937 2186 nulla
948 2167 1006 2197 per
1018 2157 1168 2187 Histrum
1181 2168 1241 2187 om.
1254 2158 1286 2187 P

108 2219 165 2240 112
189 2218 245 2247 125
267 2211 324 2240 128
350 2209 528 2240 Paeubium
547 2220 578 2240 -o
596 2219 645 2239 -us
662 2209 713 2249 ΡΙ
740 2208 797 2239 116
814 2216 848 2240 ut
865 2212 898 2241 P
