1458 2476
538 146 639 184 ΧΠ
696 145 837 183 96—97
1209 145 1279 195 107

92 246 111 267 a
132 234 317 276 conquered
338 234 461 272 nation,
481 234 589 265 which
610 234 776 275 prosessed
797 234 866 265 that
887 233 928 264 its
945 233 1019 265 God
1036 243 1102 264 was
1118 243 1277 274 supreme,

92 278 214 310 further
231 278 361 320 explain
377 278 432 309 the
447 278 597 319 ignorant
614 277 796 318 prejudiees
812 288 893 308 even
909 276 946 307 of
957 287 976 306 a
991 276 1137 307 Tacitus.

156 325 195 352 96
218 331 286 362 seq.
312 329 356 352 III
385 330 433 358 14.
480 319 552 362 296.
598 328 637 350 VI
667 330 725 361 ¹59
760 320 830 351 160.
876 330 935 360 542
961 329 1028 360 seq.
1054 319 1151 357 (from
1174 319 1281 350 which

90 374 226 405 passage
251 366 275 395 it
300 364 408 395 would
431 374 517 394 seem
539 363 608 394 that
637 363 692 394 the
712 364 784 405 Jeu
776 363 835 394 1sh
862 362 1004 403 worship
1031 373 1097 393 was
1123 368 1210 393 most
1234 370 1281 393 at-

90 408 225 438 tractive
250 413 284 438 to
310 417 449 444 women,
478 406 518 437 cf.
546 406 607 437 Ov.
636 417 665 436 a.
692 417 719 437 a.
747 414 759 437 Ι
786 405 835 446 76.
886 406 1041 437 Ios.'ant.
1063 413 1158 436 XVIII
1183 406 1231 443 ξιξ
1249 416 1276 445 5.

90 457 142 480 xx
158 459 175 480 2
193 451 211 488 ἓ
227 462 257 489 4.
282 450 358 480 bell.
378 457 406 480 11
425 459 465 480 20
480 451 497 488 ξ
515 460 542 480 2.
591 456 659 480 acts
680 459 715 489 13
735 459 783 488 50.
836 447 873 480 16
892 460 938 488 14.
988 449 1104 479 Wetst.
1123 458 1165 479 on
1183 449 1279 479 Matt.

94 502 131 532 13
152 494 215 532 15).
263 493 390 524 DCass.
411 500 543 523 XXXVII
565 501 598 531 17
617 494 633 530 ἐ
655 501 664 522 1
686 494 772 532 φέρει
789 491 824 532 [ἡ
841 493 1004 529 ἐπίκλησις
1027 491 1090 520 τῶν
1109 490 1280 531 Ἰουδαίων]

90 537 140 567 καὶ
157 537 210 567 ἐπὶ
226 533 296 568 τοὺς
313 537 429 566 ἄλλους
445 533 626 574 ἀνθρώπους
642 536 712 565 ὅσοι
728 536 768 565 τὰ
785 536 899 572 νόμιμα
915 533 1027 571 αὐτῶν,
1050 535 1163 573 καίπερ
1184 535 1280 565 ἀλλο-

90 580 186 611 feucis
208 578 304 614 ὄντες,
327 577 466 617 ζηλοῦσι.
511 580 562 609 καὶ
594 580 676 609 ἔστι
699 579 749 608 καὶ
782 579 884 615 παρὰ
906 579 988 607 τοῖς
1007 576 1209 613 ζΡωμαιόις
1239 577 1281 607 τὸ

89 623 201 661 ’γένος
224 623 348 658 τοῦτο,
369 623 537 652 κολουσθὲν
558 622 615 658 μὲν
642 622 806 658 πολλάκις,
830 621 993 658 αὑξηθὲν
1021 621 1060 651 δὲ
1087 621 1149 651 ἐπὶ
1176 622 1278 651 πλεῖ-

90 675 188 703 στον,
210 665 292 695 ὥστε
309 666 359 695 καὶ
375 666 404 696 ἐς
420 666 595 704 παρρησίαν
611 663 666 701 τῆς
680 665 829 701 νομίσεως
846 665 1017 700 ἐκνικῆσαι.

155 712 194 739 96
219 716 455 739 METUENTEM
479 715 641 738 SABBATA
668 717 736 739 101.
768 717 826 746 105
851 718 882 738 n.
933 707 1023 737 Pers.
1040 714 1064 736 v
1085 706 1143 746 184
1167 708 1278 737 reculi-

89 755 183 792 taque
197 751 370 782 sabbata
385 751 522 792 palles.

154 802 317 825 SABBATA
331 802 368 824 VI
389 804 446 834 159
463 794 629 824 observant
642 793 787 834 ubifi’sla
804 803 887 824 mero
896 792 975 833 pede
995 792 1160 823 sabbata
1183 803 1274 833 rages.

91 837 146 868 On
161 837 217 868 the
233 838 430 868 observance
453 837 491 868 of
510 837 565 868 the
585 837 724 868 sabbath
747 847 869 877 among
893 836 947 867 the
970 836 1112 866 heathen
1131 835 1170 867 cf.
1191 837 1277 867 Plut.

90 880 132 911 de
154 885 292 921 superst.
311 891 328 920 3
346 891 378 921 p.
408 878 490 911 166⁵.
540 880 602 911 Ov.
623 890 653 910 a.
670 890 698 910 a.
718 887 729 909 1
750 879 800 919 76.
825 889 886 919 415
912 878 984 917 416.
1012 889 1089 910 rem.
1120 888 1180 919 ²19
1205 889 1278 910 220.

90 923 280 963 Tibull.13
302 925 349 954 18.
399 923 560 954 Hor-s.1
578 921 666 963 969.
713 923 811 953 Mart.
838 930 875 952 1v
900 935 919 961 4
946 931 974 961 7.
1022 922 1111 953 Suet.
1129 922 1206 952 Tib.
1225 931 1274 960 32.

91 966 169 998 Sen.
187 967 270 997 cited
288 976 331 997 on
352 975 408 1005 105
430 965 500 996 106.
546 966 588 996 id.
610 976 661 1006 ep.
683 974 720 1006 95
740 967 756 1003 ξ
773 976 812 1004 47
830 966 993 995 accendme
1013 966 1155 1006 alzsluem
1179 966 1278 996 lucer-

91 1019 170 1040 nam
187 1009 366 1040 sabbatis
383 1009 620 1049 prohzzbeamus
636 1019 789 1049 quonlam
807 1019 860 1038 nec
879 1009 1003 1038 lumine
1024 1008 1061 1038 di
1081 1012 1170 1048 agent
1190 1012 1220 1038 et
1241 1019 1282 1038 ne

89 1052 232 1083 hommes
246 1052 370 1093 quidem
386 1052 584 1082 delectantur
594 1051 750 1091 fuligzne.
801 1051 866 1081 Ios.
885 1061 911 1082 c.
932 1052 998 1091 Ap.
1018 1058 1044 1081 ΙΙ
1063 1061 1102 1091 39
1119 1051 1174 1081 the
1190 1051 1279 1091 early

90 1095 200 1126 Greek
216 1094 443 1136 philosophers
458 1094 613 1125 followed
629 1095 820 1125 Moses...ofi
835 1096 896 1132 μὴν
913 1095 997 1123 ἀλλὰ
1015 1095 1066 1123 καὶ
1089 1095 1279 1131 πλήθεσιν

89 1137 159 1176 ἤδη
182 1138 296 1168 πολύς
319 1138 434 1177 ζῆλος
455 1138 619 1176 ’γέγονεν
641 1138 683 1167 ἐκ
705 1138 850 1174 μακροῦ
872 1137 941 1174 τῆς
964 1137 1151 1176 ἡμετέρας
1175 1136 1278 1167 ειῘσε-

87 1181 203 1220 βείας,
229 1179 302 1211 οὐδ’
336 1183 443 1211 ἔστιν
467 1179 506 1211 οὐ
536 1181 651 1211 πόλις
677 1180 878 1216 “Ελλήνων
909 1177 981 1209 οὐδ’
1004 1180 1164 1216 ἡτισοῦν
1194 1181 1279 1211 οὐδὲ

87 1222 284 1264 βάρβαρος
314 1221 400 1254 οὐδὲ
430 1223 467 1253 ἒν
499 1224 614 1257 ἔθνος,
639 1224 727 1253 ἔνθα
758 1221 872 1261 μὴτὸ
897 1224 964 1260 τῆς
986 1223 1210 1261 ἑβδομάδος,
1235 1222 1279 1260 ἢν

89 1268 282 1305 άρὙοῢμεν
306 1267 419 1304 ἡμεῖς,
451 1267 519 1297 ἔθος
546 1268 580 1296 οὐ
611 1266 837 1303 διαπεφοίτηκε
868 1266 931 1296 καὶ
962 1267 1000 1296 αἱ
1024 1266 1202 1301 νηστεῖαι
1227 1268 1277 1296 καὶ

88 1308 211 1348 λύχνων
228 1311 416 1340 ἀνακαύσεις
437 1311 489 1339 καὶ
506 1310 615 1339 πολλὰ
637 1310 699 1339 τῶν
717 1311 756 1340 εἰς
778 1310 896 1348 βριῖσιν
912 1307 982 1346 ἡμῖν
998 1310 1032 1339 οὐ
1056 1310 1277 1346 νενομισμένων

88 1354 356 1392 παρατετήρηται.

153 1399 193 1427 97
217 1403 282 1426 NIL
313 1403 481 1426 PRAETER
504 1403 622 1426 NL'BES
653 1402 700 1425 ET
730 1402 837 1425 CAELI
869 1402 1006 1425 NUMEN
1038 1402 1216 1425 ADORANT
1239 1402 1278 1425 VI

91 1447 215 1478 543—5
231 1449 388 1468 arcanam
412 1439 533 1468 Iudaea
556 1443 693 1468 tremens
714 1438 872 1468 mendicat
893 1439 929 1468 in
952 1448 1075 1475 aurem,
1099 1439 1103 1479 ί
1124 1438 1279 1478 ιἠίεζρνες

89 1481 217 1522 legum
250 1481 497 1521 Solymarum
527 1485 555 1511 et
583 1491 704 1521 magna
734 1481 874 1511 sacerdos
892 1480 896 1522 l
917 1481 1039 1511 arboris
1067 1491 1104 1510 ac
1141 1482 1277 1512 summi

79 1524 156 1565 fida
168 1524 375 1554 internuntia
392 1524 501 1554 caeli.
551 1529 618 1554 acts
638 1534 675 1563 14
696 1534 743 1563 15.
797 1533 832 1563 17
851 1534 902 1562 ²4·
950 1523 1141 1554 Hekataeus
1157 1524 1190 1553 in
1208 1524 1272 1555 Ios.

89 1577 117 1598 c.
137 1567 203 1608 Ap.
218 1575 230 1597 1
247 1576 286 1597 22
303 1577 334 1607 p.
353 1576 413 1606 355
430 1576 471 1607 49
484 1566 520 1597 of
532 1567 587 1598 the
603 1567 725 1606 temple
742 1567 874 1605 ἄγαλμα
890 1567 923 1597 δὲ
938 1568 992 1597 οὐκ
1007 1568 1102 1597 ἔστιν.
1152 1567 1232 1597 Luc.
1249 1574 1276 1597 II

90 1619 215 1652 592—-3
231 1610 338 1640 dedita
353 1610 456 1639 sacris
476 1609 479 1649 Ι
500 1610 641 1641 incerti
657 1610 777 1640 ludam
793 1610 867 1640 dei.
912 1610 992 1640 Tac.
1010 1610 1043 1639 h.
1061 1617 1085 1639 V
1102 1618 1118 1649 5
1138 1609 1275 1640 Iudaei

88 1658 218 1684 mente
248 1653 333 1683 sola
359 1663 558 1693 unumque
583 1663 722 1683 numen
750 1653 1009 1693 intellegunt:
1028 1653 1193 1693 prosimos,
1221 1654 1280 1694 qui

88 1696 182 1726 deum
199 1696 355 1735 imagines
371 1696 558 1726 mortalibus
573 1696 717 1726 materiis
732 1696 767 1725 in
783 1697 893 1735 species
915 1696 1083 1725 hominum
1106 1695 1277 1736 affingant:

88 1749 254 1769 summum
284 1739 371 1769 illud
389 1743 419 1769 et
440 1743 606 1769 aeternum
630 1749 728 1780 neque
747 1739 901 1769 imitabile
923 1749 1021 1779 neque
1043 1739 1278 1770 interiturum:

90 1781 200 1822 igitur
233 1781 342 1812 nulla
371 1781 584 1812 simulacra
613 1782 778 1812 urbibus
816 1781 906 1818 suis,
940 1782 1080 1812 nedum
1117 1781 1277 1823 templis

89 1824 231 1855 sinunt.
279 1824 324 1854 ib.
341 1834 361 1865 9
377 1824 472 1855 when
492 1825 668 1864 Pompeius
689 1824 821 1855 entered
840 1825 896 1855 the
919 1825 1041 1865 temple
1066 1824 1143 1854 inde
1164 1825 1276 1865 vulga-

88 1871 158 1898 tum
176 1866 285 1897 nulla
300 1867 406 1898 intus
422 1868 535 1899 deum
551 1867 691 1908 effigie
706 1878 843 1898 vacuam
859 1867 957 1898 sedem
973 1872 1002 1898 et
1011 1867 1129 1898 z'nanza
1141 1878 1275 1898 arcana.

91 1910 210 1941 Strabo
226 1919 258 1950 p.
279 1908 336 1948 761
357 1910 468 1941 Moses
483 1910 598 1951 taught
615 1912 651 1940 ἒν
668 1922 780 1940 rouro
794 1908 907 1946 μόνον
923 1911 1013 1947 θεός,
1032 1922 1075 1940 το
1093 1912 1178 1947 περι
1189 1923 1278 1951 εχον

89 1953 187 1990 ἡμᾶς
203 1952 373 1985 ἅπαντας
390 1955 449 1983 καὶ
464 1955 536 1992 ’γῆν
553 1954 614 1983 καὶ
632 1954 844 1988 θάλατταν,
861 1954 877 1984 ὃ
901 1955 1091 1991 καλοῦμεν
1115 1955 1276 1994 οὐρανὸν

90 1997 141 2026 καὶ
158 1994 274 2029 κόσμον
289 1996 340 2025 καὶ
357 1996 414 2032 τὴν
438 1997 500 2026 τῶν
524 1997 621 2026 ὄντων
646 1999 751 2034 φύσιν.
797 1997 882 2036 Aug.
899 1997 959 2028 civ.
981 1997 1045 2027 Dei
1059 2004 1097 2027 IV
1115 2007 1152 2036 31
1173 1997 1277 2028 Varro

90 2048 162 2079 says
178 2038 248 2069 that
265 2038 319 2068 the
335 2038 464 2069 ancient
482 2039 626 2070 Romans
644 2039 694 2070 sor
709 2049 799 2070 more
815 2039 894 2070 than
922 2049 982 2079 170
1008 2050 1100 2079 years
1120 2040 1277 2082 worshipt

86 2081 145 2112 the
161 2081 242 2121 gods
258 2081 395 2111 without
411 2091 452 2111 an
468 2081 585 2122 image.
639 2082 745 2123 ‘quod
762 2082 791 2112 si
813 2081 936 2112 adlzuc'
952 2083 1084 2122 2''‘nquzt
1095 2083 1273 2120 manszssel,

89 2124 208 2154 castzus
222 2124 260 2154 di
272 2124 540 2155 observarenturR
584 2125 639 2155 cuz'
651 2125 829 2155 sententiae
842 2135 919 2155 suae
933 2129 1037 2155 testem
1053 2125 1179 2156 adhibet
1193 2126 1280 2156 mter

89 2171 188 2198 cetera
203 2166 298 2198 ctiam
313 2172 468 2208 gentem
486 2167 678 2199 Iudaeam.
726 2167 919 2199 Hekataeus
934 2168 972 2199 of
990 2168 1153 2199 Abdera
1146 2179 1179 2199 m
1202 2169 1271 2201 DS.
