1458 2476
511 191 588 230 XV
641 188 832 229 140-14'7
1184 203 1199 227 1
1210 201 1228 238 7
1237 201 1256 238 7

69 278 245 322 mysteries.
293 285 334 310 VI
373 288 413 319 50
449 287 600 319 paucae
632 277 729 308 adeo
757 275 912 308 Cereris
947 275 1069 307 vittas
1104 275 1258 307 contin-

67 333 158 364 gere
187 322 340 363 dignae.
411 328 477 351 xiv
510 329 571 361 '2¹9
600 331 631 351 n.
679 320 741 352 Ov.
774 320 795 350 f.
832 327 871 350 1v
905 329 967 360 494
1001 319 1078 350 hinc
1102 319 1257 351 Cereris

67 365 170 396 sacris
192 375 280 395 nunc
299 375 419 406 quoque
439 364 553 394 taeda
575 363 683 393 datur.
730 363 802 393 The
827 361 884 393 6th
907 363 971 402 day
992 362 1029 393 of
1049 362 1104 392 the
1130 367 1256 402 greater

67 408 235 439 Eleusinia
255 409 309 446 (20
333 406 564 444 Boedromion)
581 416 646 437 was
667 405 772 437 called
781 405 920 444 Ἴακχος,
938 415 981 435 011
1004 404 1111 435 which
1127 404 1251 445 priests,

66 451 270 491 magistrates
296 451 361 481 and
388 449 443 480 the
468 455 592 489 mystae
616 449 768 479 marched
796 448 879 479 from
906 448 1034 479 Athens
1057 453 1091 478 to
1115 447 1252 484 Eleusis,

67 493 203 534 bearing
231 503 318 531 corn,
346 491 551 533 agricultural
582 491 789 532 implements
819 491 883 522 and
907 491 1046 525 torches,
1070 491 1134 521 and
1165 490 1255 521 there

66 536 146 576 kept
166 546 210 577 up
233 546 252 567 a
272 536 423 573 παννυχίς
448 533 564 575 (Soph.
583 534 655 566 OC.
677 543 854 574 1049—52.
893 534 969 564 Eur.
992 533 1053 564 Ion
1074 532 1254 572 1075—86.

66 579 235 620 Aristoph.
256 589 353 609 ranae
375 586 553 618 340—352.
587 586 744 618 370—97.
792 577 875 608 Stat.
892 587 916 607 s.
934 584 970 606 IV
988 577 1006 607 8
1025 586 1064 615 50
1082 586 1117 614 51
1137 577 1254 606 Actaea

70 622 166 659 Ceres,
193 632 289 651 cursu
311 621 365 652 cui
384 625 503 660 semper
523 620 637 651 anhelo
658 618 662 661 Ι
682 620 822 650 votivam
844 620 935 650 taciti
961 629 1151 660 quassamus
1173 619 1254 648 lam-

63 664 150 704 pada
173 665 312 704 mystae).
359 663 527 704 Lamprid.
551 663 648 693 Alex.
673 662 748 694 SeV.
779 664 815 694 18
838 664 855 701 ξ
874 673 891 693 2
913 663 948 692 in
968 662 1134 692 Eleusinis
1155 662 1256 692 sacris

65 707 194 742 dicitur,
227 711 265 736 ut
298 716 410 737 nemo
443 706 694 746 ingrediatur
726 705 802 736 nisi
837 705 902 746 qui
933 715 971 736 se
1001 704 1254 735 innocentem

64 749 182 780 novit.
234 751 321 781 Suet.
349 750 440 780 Nero
468 759 507 789 34
535 748 736 780 Eleusinis
762 748 896 784 sacris,
925 758 1087 789 quorum
1118 747 1254 778 initia-

64 792 176 824 tione
199 792 311 833 impii
336 797 372 823 et
395 791 582 823 scelerati
605 801 699 822 voce
721 790 928 832 praeconis
950 796 1252 826 summoventur,

62 833 260 866 interesse
286 845 363 866 non
389 845 504 865 ausus
528 839 597 865 est.
643 834 819 875 Capitolin.
846 834 895 864 M.
920 834 1001 864 Ant.
1025 833 1105 874 phil.
1131 842 1169 872 27
1194 834 1211 871 §
1237 843 1249 865 1

63 878 201 908 Athenis
212 878 286 919 fuit
305 882 335 908 et
354 877 497 909 initialia
523 877 647 908 Cereris
667 877 746 916 adit,
771 882 814 908 ut
837 887 876 908 se
897 876 1148 907 innocentem
1171 886 1253 917 pro-

62 920 184 952 baret.

127 967 185 994 141
211 971 360 995 ARCANA
389 963 489 995 schol.
528 964 660 994 ‘arcana
690 963 768 994 dicit
794 962 939 1002 mystica,
969 972 1043 993 cum
1064 961 1098 992 in
1129 961 1252 1003 templo

63 1006 190 1038 Cereris
211 1007 271 1038 sibi
293 1007 432 1037 invicem
447 1006 551 1037 facem
567 1016 711 1037 cursores
727 1004 882 1036 tradunt.’
929 1005 1019 1036 Here
1036 1005 1099 1035 and
1116 1004 1150 1035 in
1168 1005 1250 1037 Stat.

62 1049 116 1080 l.c.
137 1060 156 1080 a
171 1050 444 1087 λαμπαδοδρομία.
493 1049 534 1080 cf.
560 1049 637 1080 Sen.
662 1049 720 1079 Hf.
747 1047 873 1087 304—6
897 1048 1013 1089 Peiper
1035 1048 1095 1078 tibi
1107 1048 1250 1088 frugum

58 1097 170 1133 potens
189 1091 193 1132 Ι
212 1098 363 1123 secreta
382 1092 512 1123 reddam
531 1102 635 1122 sacra.
680 1091 739 1122 tibi
753 1096 842 1122 muta
850 1091 918 1133 fide
937 1090 941 1132 Ι
959 1091 1070 1131 longas
1086 1090 1249 1123 Eleusin

61 1136 158 1165 tacita
173 1135 342 1166 iactabit
358 1134 471 1166 faces.

124 1181 183 1208 142
211 1185 307 1208 ULLA
335 1185 474 1208 ALIENA
499 1185 567 1208 SIBI
598 1185 735 1208 CREDIT
761 1185 864 1208 MALA
890 1176 973 1207 from
996 1177 1070 1207 Ter.
1095 1176 1184 1207 haut.
1212 1184 1249 1216 77

59 1220 150 1251 homo
170 1230 264 1251 sunt:
286 1221 446 1251 humani
462 1220 518 1251 nil
537 1231 555 1250 a
579 1231 635 1251 me
651 1220 828 1251 alienum
850 1224 955 1261 puto.
1002 1220 1073 1250 The
1089 1230 1179 1250 verse
1195 1220 1246 1250 de·

59 1263 207 1304 servedly
231 1264 364 1294 became
394 1263 578 1304 proverbial
609 1264 680 1294 Cic.
712 1263 795 1304 legg.
828 1271 840 1294 1
874 1263 891 1300 ἓ
924 1271 974 1301 33.
1022 1262 1074 1292 off.
1109 1270 1120 1292 1
1146 1263 1163 1299 ἓ
1195 1271 1246 1301 30.

60 1306 136 1337 Sen.
161 1317 212 1347 ep.
243 1307 322 1345 883
354 1317 394 1347 30
422 1306 472 1345 (of
498 1306 694 1345 humanitas)
725 1306 875 1337 nullum
905 1305 1078 1336 alienum
1107 1305 1249 1336 malum

86 1353 180 1379 utat.

58 1359 80 1390 p
121 1395 180 1422 143
203 1399 393 1422 MUTORUM
417 1399 487 1422 VIII
511 1390 559 1431 56.
611 1391 684 1423 Sen.
703 1391 744 1423 de
759 1391 806 1422 ira
822 1399 850 1422 11
869 1392 887 1423 8
903 1392 920 1429 ἓ
937 1401 954 1431 3
978 1390 1034 1421 hoc
1055 1395 1161 1421 aulem
1183 1401 1249 1422 uno

57 1433 96 1464 ab
118 1434 358 1465 animalibus
380 1435 497 1465 mutis
518 1434 684 1475 dffemnt,
708 1435 795 1475 quod
813 1435 873 1465 illa
893 1438 1120 1464 mansuescunt
1137 1435 1248 1464 alenti-

57 1477 122 1514 bus,
149 1477 266 1507 horum
288 1478 390 1508 rabies
410 1478 492 1518 {psas
513 1488 533 1507 a
553 1477 667 1517 quibus
686 1482 731 1508 est
750 1478 887 1512 nutrila,
909 1477 1097 1517 depascitur.
1142 1477 1185 1508 id.
1206 1477 1247 1508 ad

58 1520 159 1550 Marc.
185 1530 220 1551 12
238 1521 254 1558 ἓ
271 1531 286 1551 2
306 1530 345 1550 cx
359 1521 431 1551 visu
447 1524 594 1560 tactuque
607 1524 637 1550 et
650 1520 768 1550 blanda
784 1520 969 1550 adulatione
983 1525 1184 1551 mutorum.

120 1565 181 1592 144
203 1573 270 1603 seq.
289 1563 358 1594 Cic.
374 1563 459 1604 legg.
479 1571 490 1593 1
504 1564 520 1600 ξ
535 1561 574 1593 26
589 1573 668 1593 nam
683 1573 755 1593 cum
771 1569 886 1593 ceteras
899 1562 1082 1593 animantes
1097 1562 1248 1601 [natura]

55 1604 211 1636 abiecisset
233 1606 438 1646 adpaslum,
468 1606 593 1636 solum
615 1605 811 1636 hominem
843 1605 968 1636 erexit
995 1605 1041 1636 ad
1069 1605 1247 1646 caelique

55 1648 167 1688 quasi
197 1649 446 1688 cognationis
483 1648 756 1690 domiciliique
792 1648 952 1690 pristini
989 1653 1247 1689 conspectum

54 1691 255 1721 excitavit.

119 1736 178 1764 146
201 1734 270 1764 Cic.
287 1734 372 1775 legg.
390 1741 403 1764 1
420 1735 436 1771 ξ
453 1743 491 1765 22
509 1743 576 1774 seq.
593 1741 768 1765 CAELESTI
787 1733 856 1765 Cic.
874 1734 953 1764 ibid.
970 1735 987 1772 §
1004 1744 1054 1773 24.
1101 1733 1184 1766 Aen.
1205 1741 1245 1765 VI

57 1783 178 1816 730—1
195 1777 307 1816 igneus
321 1781 367 1807 cst
379 1777 451 1807 ollis
465 1778 557 1817 vigor
571 1781 601 1807 et
621 1777 806 1807 caelestis
830 1777 938 1817 origo
959 1775 963 1817 Ι
982 1776 1165 1807 seminibus.

119 1826 308 1850 DEMISSUM
334 1820 415 1851 Stat.
435 1820 498 1850 Th.
517 1827 556 1850 xl
575 1829 637 1859 274
660 1820 770 1850 caelo
792 1819 962 1850 demissa
986 1820 1060 1850 lues.

118 1864 177 1893 147
201 1869 322 1893 PRoNA
346 1870 392 1892 ET
414 1870 566 1893 TERRAM
591 1870 818 1893 SPECTANTIA
839 1862 924 1893 from
941 1862 1002 1894 Ov.
1022 1873 1065 1893 m.
1087 1869 1099 1892 1
1117 1860 1245 1902 84—86

53 1913 236 1944 pronaque
259 1915 332 1935 cum
356 1911 536 1945 spectent
560 1905 721 1936 animalia
746 1911 844 1935 cetera
870 1910 1021 1943 terram,
1045 1903 1050 1946 1
1070 1916 1102 1936 os
1121 1905 1248 1936 homini

52 1946 219 1977 sublime
250 1947 335 1977 dedit
362 1948 592 1989 caelumque
621 1948 756 1979 videre
789 1946 793 1988 Ι
828 1948 924 1978 iussit
952 1952 983 1979 et
1016 1953 1168 1979 erectos
1198 1948 1246 1979 ad

57 1989 187 2020 sidera
209 1990 349 2021 tollere
370 1991 511 2021 vultus.
562 1991 647 2021 Xen.
669 2001 766 2021 mem.
792 1998 805 2021 1
829 2002 849 2028 4
873 1992 890 2029 ἕ
910 2000 944 2022 11
974 1990 1070 2021 think
1095 2001 1160 2031 you
1185 1996 1244 2022 not

52 2031 122 2062 that
145 2032 200 2063 the
219 2033 301 2073 gods
326 2043 398 2064 care
416 2033 466 2064 for
484 2034 584 2064 men?
627 2035 657 2064 οἳ
681 2035 805 2069 πρῶτον
831 2033 889 2070 μὲν
913 2031 1027 2070 μόνον
1049 2035 1121 2064 τῶν
1143 2032 1245 2074 ζῴων

53 2075 248 2113 ἄνθρωπον
269 2076 378 2114 ὀρθὸν
404 2075 634 2114 ἀνέστησαν·
658 2077 679 2113 ἠ
701 2077 734 2106 δὲ
755 2074 885 2114 ὀρθότης
906 2077 958 2107 καὶ
977 2077 1114 2116 προορᾶν
1133 2077 1244 2107 πλεῖον

52 2118 137 2147 ποιεῖ
157 2118 306 2148 δύνασθαι
329 2119 380 2148 καὶ
401 2116 448 2149 τὰ
474 2119 636 2159 ὕπερθεν
658 2120 806 2155 μᾶλλον
828 2119 1000 2150 θεᾶσθαι.
1046 2119 1133 2150 Pers.
1155 2126 1184 2150 11
1200 2118 1239 2151 61

51 2170 68 2189 o
90 2169 229 2191 curvae
252 2160 291 2191 in
312 2166 434 2192 terras
453 2162 584 2193 animae
596 2166 625 2193 et
645 2161 878 2193 caelestium
898 2160 1034 2193 inanes!
1077 2161 1184 2193 Galen
1200 2162 1242 2193 de

50 2212 111 2233 usu
126 2208 207 2244 part.
221 2211 264 2234 111
283 2213 299 2233 ἰ
319 2214 335 2244 3
354 2202 410 2244 (111
431 2213 499 2246 179.
522 2206 580 2236 182
598 2204 645 2243 K)
661 2211 754 2236 notes
769 2204 839 2236 that
855 2205 911 2236 the
926 2205 1018 2246 spine
1034 2204 1071 2236 of
1082 2205 1183 2242 birds,
1206 2215 1242 2236 as

158 2279 199 2305 M.
224 2279 249 2307 I.
1088 2284 1102 2308 1
1112 2283 1130 2308 2
