1458 2476
576 160 678 198 XIV
734 159 874 196 58-68
1246 173 1316 209 103

131 258 262 280 somnus
275 247 396 285 accedit,
416 247 552 288 occipitio
573 246 672 278 inciso
692 245 977 278 cucurbitulam
1001 246 1176 278 admovere.
1223 247 1317 278 Thir-

132 296 215 328 teen,
235 291 277 322 all
295 291 332 321 of
351 291 481 325 bronze,
506 291 589 321 have
612 290 693 320 been
711 290 811 320 found
827 295 860 320 at
880 290 1121 321 Herculaneum
1138 290 1203 321 and
1222 291 1317 321 Pom-

130 334 207 375 peii.
255 333 349 374 They
372 344 426 364 are
449 333 492 364 all
514 332 551 364 of
567 333 691 363 conical
715 333 806 364 form.
859 332 942 363 Rich
966 334 1057 373 gives
1080 343 1098 364 a
1124 338 1178 364 cut
1199 333 1237 364 of
1256 344 1318 364 one

130 376 226 408 made
242 382 297 407 out
313 376 351 407 of
361 387 380 407 a
392 375 562 416 pumpkin‚
580 375 752 416 preserved
769 375 801 406 in
818 375 871 406 the
888 375 1027 406 Vatican
1044 376 1174 415 library.

194 423 233 450 59
257 429 325 460 seq.
372 419 447 451 Sen.
477 429 528 459 ep.
560 427 576 456 5
605 420 622 456 ξ
645 417 664 448 6
686 418 744 458 qui
767 419 896 449 domum
920 418 1107 456 intraverit,
1134 429 1190 450 nos
1208 419 1317 459 potius

130 463 273 498 miretur,
293 472 390 502 quam
403 461 619 502 supellectilem
636 465 788 491 nostram.

195 513 350 535 HOSPlTE
366 512 541 535 VENTURO
557 514 626 535 exx.
647 503 684 534 os
701 504 755 535 the
766 504 834 534 abl.
856 504 925 534 abs.
951 503 988 535 of
1009 503 1072 535 this
1094 504 1268 546 participle
1284 504 1315 535 in

129 547 248 588 Zumpt
264 548 280 584 ὃ
296 546 356 586 643
373 547 438 578 and
455 547 695 588 Reisig-Haase
710 557 742 587 p.
765 555 780 584 7
786 556 824 588 59
841 556 873 577 n.

192 593 231 621 60
254 597 375 621 VERRE
391 597 641 621 PAVIMENTUM
657 599 730 629 says
746 589 800 620 the
817 594 936 620 master
950 588 1002 629 63.

193 640 443 664 PAWMENTUM
460 632 496 663 of
509 632 614 672 costly
635 632 759 663 marble
775 639 813 662 xi
836 641 892 672 173
909 642 940 662 n.
959 643 995 663 or
1017 632 1139 663 mosaic
1158 632 1239 664 Stat.
1257 643 1281 664 s.
1303 642 1315 662 1

130 685 147 716 3
173 674 310 714 54—56.
358 676 433 707 Sen.
461 685 511 716 ep.
538 674 577 705 86
604 676 620 713 ἓ
646 683 662 714 7
686 685 718 705 eo
743 675 930 705 deliciarum
950 676 1166 716 pervenimus,
1193 680 1232 706 ut
1252 677 1317 706 nisi

123 729 266 759 gemmas
280 719 402 749 calcare
416 719 565 748 nolimus.
599 718 670 749 The
683 724 855 758 pavement
872 728 937 749 was
953 724 1055 759 swept
1071 718 1150 749 with
1166 729 1185 748 a
1201 719 1312 749 broom

128 761 166 791 of
187 762 275 802 palm
303 761 398 802 twigs
422 761 535 799 (Mart.
560 768 624 791 XIV
647 761 701 798 82)
723 771 759 792 or
785 761 919 791 cleaned
946 761 1024 791 with
1049 771 1067 791 a
1094 771 1218 802 sponge
1245 762 1309 802 dig.

129 811 287 844 XXX1117
311 814 345 834 η
363 807 380 842 ς’
396 814 433 835 22
445 804 592 844 perticae,
611 804 724 844 quibus
744 814 907 834 araneae
930 804 1194 844 detergantur,
1222 804 1313 835 item

127 847 324 887 spongiae,
355 847 468 887 quibus
493 847 696 878 columnae
721 847 943 887 pavimenta
964 847 1064 886 podia
1093 851 1308 888 extergantur,

131 890 380 920 ...instrumenti
392 894 477 924 sunt,
495 889 571 930 quia
588 890 786 919 mundiorem
803 889 932 919 domum
949 890 1096 920 reddunt.

191 935 228 962 61
251 940 330 963 CUM
347 940 442 963 TOTA
459 939 673 963 DESCENDAT
689 940 837 962 ARANEA
852 940 947 963 'ri-:LA
964 932 1068 963 Plaut.
1087 932 1188 964 Stich.
1209 940 1314 972 347—

128 983 145 1014 3
149 983 187 1014 57
219 975 402 1005 munditias
424 976 492 1005 volo
509 975 606 1016 fieri:
629 974 736 1014 ecferte
761 975 824 1004 huc
852 980 966 1015 scopas,
998 975 1160 1016 simulque
1188 976 1312 1006 harun-

125 1017 246 1053 dinem,
266 1016 270 1058 Ι
291 1023 329 1048 ut
360 1027 517 1058 operam
548 1027 696 1048 ornnem
726 1028 956 1048 aranearum
986 1019 1143 1058 perdam
1174 1023 1211 1048 et
1237 1024 1312 1049 tex-

125 1064 249 1090 turam
277 1060 481 1100 inprobam
503 1060 506 1094 Ι
526 1060 771 1100 deiciamque
795 1070 923 1091 earum
948 1061 1071 1091 omnis
1098 1060 1314 1101 telas...cape

125 1102 201 1133 illas
229 1108 342 1142 scopas.
391 1103 527 1143 capiam.
576 1103 631 1133 hoc
659 1107 782 1143 egomet,
817 1108 854 1133 tu
883 1104 939 1134 hoc
964 1113 1250 1143 converre...age
1274 1109 1311 1134 tu

124 1145 212 1175 ocius
229 1144 233 1185 Ι
256 1151 362 1186 terge
378 1145 541 1183 humum,
566 1151 730 1186 consperge
744 1150 820 1176 ante
834 1146 959 1177 aedis...
979 1157 1030 1186 cgv
1047 1146 1132 1176 illim
1149 1157 1311 1177 araneas

124 1187 162 1218 de
165 1187 298 1227 foribus
312 1188 447 1219 deiciam
463 1192 493 1218 et
502 1188 539 1219 de
548 1189 673 1228 pariete
693 1187 696 1228 Ι
719 1189 841 1229 ...quid
849 1189 900 1226 sit,
915 1189 1006 1219 nz'ln'l
1015 1189 1113 1219 etiam
1123 1190 1194 1227 scio,
1218 1188 1222 1230 Ι
1243 1190 1313 1220 nisi

114 1230 202 1272 forte
217 1231 392 1272 hospites
407 1231 559 1261 venturi
576 1236 659 1262 sunt
674 1237 736 1262 cet.

188 1276 225 1304 62
249 1281 343 1304 Lavi-2
359 1281 564 1304 ARGENTUM
586 1274 674 1315 plain
684 1287 711 1299 =
713 1279 840 1314 purum
866 1282 891 1304 x
916 1284 952 1316 19
968 1275 1032 1312 n.)(
1050 1282 1141 1305 vass.
1162 1283 1309 1310 Asnam,

124 1316 294 1347 embossed
319 1317 408 1358 plate
433 1324 445 1347 1
471 1315 508 1356 76
525 1326 558 1347 n.
604 1316 701 1357 Verg.
728 1317 813 1348 Aen.
838 1324 861 1347 v
885 1317 946 1357 267
973 1317 1158 1358 cymbiaque
1179 1323 1310 1359 ungento

117 1358 257 1400 perficta
272 1363 368 1400 alque
381 1369 518 1400 aspera
533 1359 666 1400 signis.

188 1405 226 1432 63
249 1412 316 1443 seq.
341 1409 379 1432 vl
403 1401 571 1442 476——496
594 1402 650 1433 the
672 1407 799 1433 matron
822 1403 896 1433 who
920 1413 999 1444 pays
1022 1413 1041 1434 a
1063 1403 1170 1444 salary
1187 1408 1220 1434 to
1243 1408 1307 1434 tor-

123 1449 234 1482 turers,
255 1445 319 1475 and
340 1455 480 1485 avenges
495 1455 514 1475 a
529 1455 596 1485 wry
612 1445 728 1485 ringlet
750 1445 828 1476 with
851 1446 905 1476 the
930 1444 1022 1476 ‘cat.’
1069 1446 1145 1477 Sen.
1171 1447 1213 1477 de
1231 1447 1278 1476 ira
1296 1454 1307 1477 1

127 1497 139 1518 1
149 1497 162 1517 2
190 1488 207 1525 ξ
233 1500 253 1527 4
280 1487 474 1518 irascuntur
497 1487 572 1518 boni
597 1488 668 1518 viri
689 1493 753 1528 pro
782 1499 917 1518 suorum
948 1489 1090 1518 iniuriis
1100 1499 1111 1519 .·
1142 1489 1197 1519 sed
1223 1489 1307 1520 idem

113 1530 259 1570 fizcz'unt,
275 1530 306 1561 si
322 1530 434 1561 calda
450 1541 525 1561 non
541 1531 638 1561 bene
659 1531 878 1570 praebetur,
904 1531 935 1561 si
956 1531 1121 1562 vitreum
1143 1532 1306 1562 fractum

122 1577 188 1610 est,
210 1573 239 1603 si
257 1573 412 1604 calceus
428 1573 510 1603 luto
526 1583 682 1613 sparsus
698 1579 764 1604 est.
816 1573 860 1604 ib.
876 1581 954 1612 1125
972 1575 988 1611 ἓ
1008 1584 1020 1604 1
1040 1584 1173 1614 parum
1190 1575 1306 1615 agilis

123 1621 180 1646 est
196 1625 290 1656 puer
304 1621 368 1646 aut
385 1616 558 1656 tepidior
573 1626 672 1656 aqua
687 1622 828 1656 poturo
844 1622 908 1647 aut
925 1617 1104 1647 turbatus
1120 1623 1227 1648 torus
1243 1624 1306 1649 aut

122 1668 254 1689 mensa
269 1658 544 1699 neglegentius
560 1659 711 1700 posita:
735 1660 780 1689 ad
793 1659 855 1689 ista
871 1660 1035 1696 concitari,
1057 1660 1192 1690 insania
1208 1665 1262 1690 cst.

185 1703 224 1731 67
240 1708 357 1731 500818
376 1701 459 1731 Hor.
477 1712 500 1732 s.
528 1709 553 1731 11
577 1713 596 1739 4
617 1702 652 1732 81
679 1702 716 1732 82
739 1702 862 1732 vilibus
882 1702 920 1732 in
940 1702 1039 1741 scopis
1057 1702 1094 1732 in
1120 1703 1247 1743 mappis
1267 1703 1304 1733 in

120 1743 236 1774 scobe
259 1747 403 1783 quantus
424 1743 427 1784 Ι
446 1744 591 1774 consistit
613 1749 772 1784 sumptus.
818 1744 890 1775 The
914 1745 1071 1776 saw-dust
1095 1755 1161 1776 was
1182 1745 1238 1776 lest
1261 1756 1303 1777 on

120 1786 174 1816 the
191 1785 272 1816 floor
287 1786 404 1827 during
420 1786 474 1817 the
490 1787 570 1817 feast
587 1787 716 1817 Petron.
734 1786 774 1817 68
791 1788 945 1818 scobem
961 1798 1044 1818 croco
1060 1791 1088 1818 et
1103 1788 1207 1818 minio
1221 1789 1303 1819 tinc-

119 1833 186 1858 tam
201 1833 391 1869 sparserunt
409 1833 449 1864 et,
465 1829 552 1870 quod
563 1840 744 1870 numquam
759 1835 834 1860 ante
849 1830 1005 1868 videram,
1025 1841 1064 1861 ex
1078 1831 1186 1871 lapide
1198 1836 1304 1871 specu-

118 1871 188 1901 lari
205 1872 373 1912 pulverem
395 1872 523 1902 tritum.
569 1872 633 1903 Iul.
661 1873 752 1903 Bass.
780 1872 813 1903 in
839 1873 914 1904 Sen.
942 1879 1044 1904 contr.
1075 1883 1112 1913 25
1135 1875 1152 1911 ἓ
1175 1886 1189 1910 4
1219 1874 1306 1904 inter

110 1918 331 1954 purgamenta
368 1919 398 1945 et
433 1915 536 1945 iactus
565 1915 753 1945 cenantium
790 1919 819 1946 et
847 1925 1020 1957 sparsam
1050 1916 1088 1946 in
1118 1917 1303 1947 convivio

117 1957 273 1987 scobem
288 1956 456 1987 humanus
469 1958 606 1997 sanguis
621 1958 794 1988 everritur.

181 2002 220 2030 68
242 2006 371 2030 AGITAS
387 2000 518 2040 respicis
533 2000 633 2031 schol.

181 2048 264 2072 SINE
279 2049 373 2072 OMNI
394 2043 402 2057 ‘
414 2042 548 2073 without
564 2054 631 2083 any
645 2042 752 2074 stain.'
797 2043 873 2074 Ter.
890 2042 994 2074 Andr.
1017 2053 1074 2084 391
1101 2043 1184 2075 sine
1196 2045 1300 2076 omni

115 2084 277 2124 periclo.
328 2084 431 2115 Clem.
459 2095 511 2126 ep.
539 2093 552 2115 1
577 2095 618 2116 ἰο
640 2087 716 2123 δίχα
737 2084 848 2122 πάσης.
899 2086 965 2117 For
986 2087 1122 2127 English
1146 2097 1216 2117 exx.
1247 2097 1300 2118 see

116 2126 246 2167 Wright
263 2126 546 2158 bible-wordbook
573 2127 660 2159 ‘all.'
707 2128 748 2158 R.
773 2127 944 2159 Ascham‘s
961 2129 1200 2161 Scholemaster
1221 2129 1277 2161 186
1281 2141 1298 2172 3

113 2168 258 2210 glossary
276 2169 360 2200 ‘all.’
405 2170 450 2201 So
466 2170 498 2201 in
515 2171 659 2202 German
679 2171 798 2203 “ohne
811 2172 874 2203 alle
889 2171 1044 2202 Gesahr.'’
