1458 2476
663 528 762 564 XIV

188 669 228 700 IF
251 678 310 699 our
334 677 418 703 sons,
440 666 608 703 Fuschms,
628 676 717 706 grow
741 665 773 696 in
791 666 859 696 vice
882 675 916 695 as
941 665 1016 705 they
1031 675 1121 706 grow
1145 665 1178 695 in
1203 673 1304 704 year5‚

124 712 178 743 the
194 711 274 742 fault
290 711 317 742 is
332 716 388 741 too
401 709 489 741 osten
502 715 536 740 to
548 710 589 740 be
603 709 743 749 charged
755 719 798 739 on
810 719 829 738 a
841 707 971 739 father’s
983 708 1132 749 example
1145 706 1306 748 (1—106).

124 755 212 785 True
228 765 263 785 as
278 754 342 785 this
357 754 384 784 is
408 752 613 792 universally,
633 752 658 782 it
682 752 708 783 is
730 757 815 782 most
839 757 910 782 true
930 750 967 782 of
987 751 1130 787 avarice;
1152 750 1216 781 this
1239 750 1309 780 vice

124 798 220 828 alone
237 798 265 828 is
283 796 465 827 inculcated
486 805 521 826 as
539 805 559 825 a
574 795 696 825 virtue:
721 800 785 834 yet,
805 794 833 825 if
852 799 983 835 parents
999 793 1109 824 would
1133 793 1190 824 but
1213 792 1310 824 suffer

125 840 234 880 things
258 845 292 870 to
315 839 390 870 take
413 838 496 869 their
517 848 638 874 course,
666 837 730 867 this
753 836 822 867 also
837 837 947 867 would
971 847 1051 867 soon
1072 836 1185 877 spring
1203 846 1248 877 up
1276 835 1314 865 of

125 882 219 919 itself‚
249 882 312 912 and
343 881 444 912 alarm
474 881 517 921 by
541 881 582 911 its
610 879 737 921 growth
767 880 859 911 those
883 879 958 910 who
987 890 1062 910 now
1090 879 1218 919 blindly
1245 878 1309 909 and

125 925 294 965 suicidally
309 924 407 955 foster
422 924 447 954 it
465 922 670 963 (ποῖ-331).

188 967 239 999 Cf.
258 968 332 999 Sen.
347 967 388 997 de
404 967 450 997 ira
468 974 495 996 11
512 976 549 997 21
568 967 584 1004 ἓ
601 975 620 1006 9
630 965 803 1006 pertinebit
817 965 863 995 ad
875 976 941 996 rem
958 969 1172 1006 praeceptores
1188 964 1308 1006 paeda-

122 1021 274 1051 gogosque
294 1010 405 1050 pueris
423 1009 566 1050 placidos
589 1009 675 1038 dari.
714 1008 878 1047 proximis
902 1008 1088 1049 adplicatur
1110 1018 1203 1038 omne
1227 1006 1313 1048 quod

125 1059 270 1084 tenerum
299 1057 344 1083 est
371 1056 400 1083 et
430 1052 468 1082 in
496 1061 604 1082 eorum
633 1050 884 1081 similitudinem
915 1051 1032 1082 crescit.
1079 1051 1250 1081 nutricum
1281 1054 1311 1080 et

117 1096 371 1138 paedagogorum
388 1095 536 1124 rettulere
550 1104 624 1124 mox
638 1094 674 1124 in
696 1093 944 1124 adulescentiam
969 1104 1076 1124 mores.
1125 1095 1142 1131 ἓ
1162 1103 1199 1124 10
1223 1092 1314 1133 apud

124 1139 292 1169 Platonem
321 1137 472 1168 educatus
493 1142 581 1177 puer
604 1147 678 1166 cum
699 1136 745 1166 ad
760 1141 911 1177 parentes
941 1137 1060 1167 relatus
1083 1135 1310 1176 vociferantem

125 1181 247 1212 videret
268 1185 407 1222 patrem,
441 1177 652 1219 ‘numquam’
680 1179 792 1219 inquit
817 1179 888 1209 ‘lcoc
911 1179 1002 1220 apud
1023 1180 1192 1209 Platonem
1215 1178 1309 1208 vidi-⁹

126 1234 191 1255 non
206 1223 313 1254 dubito
328 1223 411 1263 quin
426 1223 524 1253 citius
532 1227 661 1263 patrem
678 1222 827 1252 imitatus
848 1222 893 1252 sit
914 1233 1013 1263 quam
1036 1223 1214 1252 Platonem.
1264 1221 1308 1251 ib.

130 1269 167 1298 18
182 1267 199 1305 ἓ
216 1277 233 1297 2
249 1266 393 1297 educatio
409 1265 589 1295 maximam
603 1265 811 1305 diligentiam
826 1265 1079 1306 plurimumque
1094 1265 1309 1305 profuturam

125 1309 290 1340 desiderat.
326 1308 431 1350 facile
449 1312 494 1338 est
512 1308 598 1338 enim
614 1312 733 1338 teneros
747 1308 853 1338 adhuc
874 1308 1001 1338 animos
1018 1313 1207 1348 componere,
1226 1306 1309 1347 dff·

125 1353 229 1382 culter
255 1351 448 1382 reciduntur
467 1351 562 1387 vitia,
586 1361 667 1390 quae
688 1350 851 1381 nobiscum
873 1355 1052 1381 crevemaent.
1100 1350 1237 1390 Quintil.
1257 1358 1268 1380 1
1291 1359 1308 1380 2

124 1396 142 1434 ἓ
164 1393 184 1425 6
207 1395 338 1425 utinam
367 1394 540 1425 liberorum
570 1398 752 1424 nostrorum
783 1404 882 1424 mores
912 1403 977 1424 non
1004 1393 1070 1434 ipsi
1084 1393 1308 1434 perderemus!

127 1437 309 1478 infantiam
331 1437 443 1467 statim
465 1436 589 1467 deliciis
611 1436 778 1466 solvimus.
824 1437 930 1467 mollis
953 1437 1013 1467 illa
1039 1436 1190 1474 educatio,
1210 1446 1311 1477 quam

127 1480 367 1521 indulgentiam
389 1489 546 1516 vocamus,
571 1489 683 1509 nervos
702 1489 806 1510 omnes
827 1479 944 1509 mentis
963 1484 993 1510 et
1014 1479 1152 1519 corporis
1161 1479 1308 1520 frangit.

125 1523 210 1564 quid
232 1533 298 1553 non
326 1522 457 1552 adultus
480 1522 681 1562 concupiscet,
709 1522 768 1562 qui
793 1522 830 1552 in
848 1522 1010 1562 pmpuris
1034 1521 1138 1562 repit?
1164 1522 1311 1552 nondum

122 1566 235 1606 prima
264 1565 359 1596 verba
387 1564 547 1606 exprimit,
580 1564 647 1594 iam
677 1575 798 1595 coccum
825 1564 992 1605 intellegit,
1018 1565 1086 1595 iam
1109 1564 1310 1604 conchylium

119 1609 230 1649 poscit.
275 1609 292 1646 ἓ
310 1616 326 1646 7
342 1611 418 1638 ante
424 1608 577 1648 palatum
593 1617 700 1638 eorum
715 1617 814 1648 quam
829 1618 861 1638 os
875 1607 1089 1638 instituimus.
1135 1608 1171 1637 in
1196 1607 1311 1638 lecticis

125 1655 285 1682 crescunt:
299 1650 330 1681 si
343 1655 465 1681 terram
479 1650 669 1689 attigerunt,
688 1660 704 1680 e
724 1650 875 1680 manibus
895 1650 1059 1691 utrimque
1077 1650 1311 1681 sustinentium

120 1693 273 1734 pendent.
313 1693 501 1733 gaudemus,
517 1693 549 1722 si
569 1692 650 1733 quid
671 1693 819 1723 licentius
843 1693 1006 1724 dixerint:
1031 1693 1126 1724 verba
1152 1703 1193 1724 ne
1209 1693 1309 1723 Alex-

126 1736 280 1767 andrinis
308 1735 437 1776 quidem
456 1735 677 1776 permittenda
703 1735 824 1766 deliciis
848 1736 919 1766 risu
943 1740 973 1766 et
995 1736 1098 1767 osculo
1121 1736 1308 1777 excipimus.

127 1789 182 1809 nec
210 1779 353 1809 mirum:
382 1788 439 1809 nos
467 1778 639 1815 docuimus,
673 1788 712 1808 ex
741 1778 830 1809 nobis
859 1778 1046 1809 audierunt.
1092 1779 1108 1817 ἓ
1136 1779 1156 1809 8
1185 1783 1311 1809 nostras

125 1821 256 1858 amicas,
276 1825 397 1852 nostros
411 1821 595 1851 concubinos
616 1821 734 1858 vident,
753 1831 846 1852 omne
867 1822 1054 1852 convivium
1077 1821 1213 1852 obscenis
1234 1832 1309 1852 can-

125 1864 195 1894 ticis
208 1864 328 1904 strepit,
340 1863 493 1904 pudenda
508 1864 594 1894 dictu
608 1868 800 1904 spectantur.
838 1864 886 1905 fit
901 1875 940 1895 ex
953 1865 1004 1895 lzis
1018 1864 1217 1902 consuetudo,
1236 1865 1312 1895 inde

127 1911 259 1937 natura.
303 1906 432 1937 discunt
460 1906 535 1936 llaec
564 1906 673 1936 miseri
700 1911 872 1947 antequam
902 1907 1006 1937 sciant
1028 1907 1112 1938 vitia
1135 1916 1213 1938 esse:
1236 1907 1312 1938 inde

124 1949 222 2032 ff
233 1959 271 1980 ac
276 1948 417 1990 fluentes
432 1959 497 1980 non
512 1949 672 1990 accipiunt
687 1959 703 1980 e
723 1949 835 1980 scholis
858 1951 946 1980 mala
967 1950 1039 1989 ista,
1058 1950 1114 1981 sed
1132 1950 1169 1980 in
1190 1950 1311 1981 scholas

181 1997 287 2023 erunt.

189 2037 291 2065 1—85
314 2033 470 2065 Children
486 2033 575 2065 leam
590 2034 661 2065 vice
676 2034 759 2065 srom
775 2034 859 2066 their
874 2040 1019 2076 parents:
1044 2035 1099 2067 the
1115 2035 1261 2067 children
1277 2034 1315 2066 of

126 2076 180 2108 the
195 2077 343 2117 gambler
358 2078 467 2116 (4—5)
485 2077 539 2108 the
554 2077 685 2118 epicure
701 2076 831 2118 (7—14)
849 2078 904 2109 the
919 2079 1007 2110 cruel
1023 2084 1144 2109 master
1173 2078 1308 2118 15—24)

125 2129 163 2150 or
186 2119 241 2150 the
266 2119 346 2151 false
372 2119 445 2150 wife
470 2119 621 2161 (25—30)
646 2120 712 2151 will
738 2120 818 2151 with
844 2131 914 2152 rare
940 2121 1128 2162 exceptions
1170 2122 1310 2161 31—37)

127 2161 237 2193 follow
255 2162 289 2193 in
313 2161 397 2194 their
419 2162 560 2204 parents'
575 2168 673 2204 steps.
719 2162 755 2194 1f
774 2163 912 2205 nothing
937 2163 1003 2196 else
1032 2174 1093 2195 can
1117 2164 1209 2196 deter
1233 2174 1310 2196 men
