1458 2476
150 177 197 213 28
700 178 779 215 XV

705 623 781 659 XV

243 786 333 824 UIS
363 783 495 833 nescit,
526 783 665 823 Volusi
695 782 910 832 Bithynice,
940 782 1070 833 qualia
1098 783 1260 822 demens

165 862 233 884 A
286 852 484 899 Aegyptus
512 856 692 899 portenta
720 849 851 887 colat?
905 848 1131 887 crocodilon
1160 849 1295 886 adorat

148 928 235 964 pars
264 915 373 961 haec,
404 913 468 951 illa
495 920 610 963 pavet
638 920 805 950 saturam
834 911 1076 962 serpentibus
1103 911 1195 950 ibin.

149 978 292 1028 effigies
321 977 417 1016 sacri
445 977 542 1016 nitet
571 989 688 1015 aurea
715 975 985 1026 cercopitheci,

149 1042 312 1081 dimidio
339 1041 513 1092 magicae
540 1048 723 1079 resonant
751 1041 817 1079 ubi
848 1042 1063 1080 Memnone
1091 1042 1261 1079 chordae
1307 1053 1328 1090 5

149 1116 266 1156 atque
293 1114 402 1145 vetus
431 1106 568 1144 Thebe
596 1113 753 1144 centum
783 1105 882 1144 iacet
910 1105 1047 1143 obruta
1075 1104 1206 1155 portis.

149 1170 227 1209 illic
254 1171 415 1216 aeluros,
445 1169 508 1206 hic
536 1168 682 1218 piscem
711 1168 888 1214 fluminis,
919 1167 997 1205 illic

150 1234 295 1284 oppida
322 1241 405 1272 tota
433 1246 569 1272 canem
598 1240 838 1278 venerantur,
870 1244 987 1269 nemo
1017 1230 1198 1269 Dianam.

150 1311 307 1348 porrum
336 1305 373 1336 et
402 1311 497 1347 cepe
526 1298 632 1335 nefas
661 1296 804 1333 violare
834 1303 871 1333 et
900 1296 1074 1343 frangere
1103 1307 1251 1332 morsu:

151 1376 174 1401 o
200 1369 351 1401 sanctas
375 1370 520 1411 gentes,
543 1361 682 1411 quibus
706 1361 802 1397 haec
828 1367 1048 1397 nascuntur·
1064 1358 1104 1396 in
1133 1359 1252 1397 hortis
1286 1373 1332 1396 10

149 1427 334 1466 numina!
389 1426 526 1464 lanatis
555 1424 786 1463 animalibus
816 1422 982 1461 abstinet
1011 1422 1137 1461 omnis

150 1504 295 1537 mensa,
325 1491 433 1529 nefas
462 1489 540 1528 illic
567 1490 688 1527 fetum
716 1488 887 1537 iugulare
915 1488 1111 1536 capellae:

151 1556 328 1595 carnibus
357 1554 536 1592 humanis
564 1552 667 1591 vesci
696 1551 795 1590 licet.
854 1550 1020 1589 attonito
1049 1564 1137 1588 cum

150 1622 226 1658 tale
255 1632 370 1669 super
397 1631 535 1657 cenam
565 1616 714 1654 facinus
743 1623 911 1653 narraret
940 1615 1076 1654 Ulixes

151 1683 329 1729 Alcinoo,
358 1681 477 1720 bilem
505 1688 572 1718 aut
600 1679 717 1717 risum
744 1680 906 1716 fortasse
934 1678 1167 1728 quibusdam
1286 1691 1328 1728 15

151 1754 335 1792 moverat,
365 1753 408 1784 ut
435 1745 605 1783 mendax
634 1744 859 1793 aretalogus.
921 1742 982 1781 ‘in
1010 1756 1116 1781 mare
1144 1755 1262 1781 nemo

151 1811 255 1847 hunc
282 1808 408 1854 abicit,
439 1821 551 1846 saeva
580 1807 741 1856 dignum
768 1818 936 1856 veraque
965 1805 1171 1855 Charybdi,

151 1876 362 1923 fingentem
390 1872 555 1910 inmanis
585 1873 864 1920 Laestrygonas
893 1877 1008 1919 atque
1038 1870 1259 1919 Cyclopas?

151 1952 244 1976 nam
272 1937 383 1975 citius
414 1937 580 1986 Scyllam
609 1937 669 1974 vel
698 1933 967 1973 concurrentia
994 1947 1087 1972 saxa

154 2004 329 2052 Cyaneas
357 2002 493 2051 plenos
524 2008 560 2038 et
588 1998 883 2049 tempestatibus
910 2005 1013 2036 utres
1284 2012 1331 2035 20

217 2100 233 2130 5
272 2089 467 2122 memnon⁴⁶e
490 2088 544 2131 Pl
564 2088 583 2120 6
620 2090 760 2130 obrupta
785 2086 838 2131 P}
860 2095 877 2127 7
901 2088 1026 2119 aeluros
1051 2087 1217 2119 Brodaeus
1242 2089 1327 2120 misc.

160 2147 257 2176 l'll2
276 2157 283 2176 ε
307 2145 506 2192 aemleosP
525 2144 689 2175 caeruleos
711 2156 733 2173 ω
754 2142 758 2184 1
782 2142 819 2174 16
840 2142 1001 2183 ma³⁶³⁶que
1023 2152 1120 2173 nemo
1141 2140 1195 2183 P]
1218 2142 1254 2173 18
1277 2142 1332 2172 ad—

153 2212 215 2243 que
234 2202 264 2232 P
278 2199 282 2241 Ι
307 2211 345 2232 20
362 2199 502 2241 Cyaneis
518 2200 570 2230 P:
594 2198 740 2239 Cyaneas
756 2196 819 2229 cod.
835 2197 875 2229 R.
898 2196 1056 2238 Stephani
