1458 2476
627 179 705 217 XV
1212 193 1260 228 33

69 267 243 304 humano
271 265 402 315 generi
432 266 523 304 dare
553 278 593 304 se
622 273 759 303 natura
788 266 938 314 fatetur,

68 344 168 380 quae
194 331 370 368 lacrimas
395 330 503 369 dedit
518 343 529 378 3
557 332 654 369 haec
681 329 802 368 nostri
826 343 914 380 pars
941 330 1089 380 optima
1110 343 1257 369 sensus.

67 396 217 444 plorare
251 408 342 444 ergo
377 395 486 433 iubet
520 408 678 433 causam
711 394 878 433 dicentis
910 395 1025 433 amici

67 459 366 508 squaloremque
398 458 462 505 rei,
498 457 689 508 pupillum
720 458 771 495 ad
804 457 887 495 iura
916 465 1122 496 vocantem
1183 470 1254 509 135

66 522 451 572 circumscriptorem,
487 523 596 560 cuius
630 522 830 560 manantia
860 522 955 561 fletu

66 598 132 623 ora
161 587 351 635 puellares
385 586 531 625 faciunt
562 586 710 624 incerta
741 586 880 636 capilli.

65 658 225 689 naturae
255 651 418 701 imperio
451 650 653 701 gemimus,
687 664 777 688 cum
810 653 927 689 funus
959 651 1117 691 adultae

63 715 219 765 virginis
253 716 418 754 occurrit
452 718 513 754 vel
544 724 644 754 terra
675 716 868 754 clauditur
898 716 1024 754 infans
1180 731 1252 766 139

64 788 102 818 et
128 780 256 818 minor
280 780 368 830 igne
394 780 476 830 rogi
484 794 494 828 3
533 780 619 830 quis
646 780 751 818 enim
779 780 907 818 bonus
936 788 974 818 et
1003 782 1087 819 face
1114 781 1255 831 dignus

63 858 212 892 arcana,
244 846 400 894 qualem
431 845 581 884 Cereris
609 846 691 883 vult
721 858 804 884 esse
829 846 1023 892 sacerdos,

63 910 141 947 ulla
168 910 294 948 aliena
322 910 394 948 sibi
423 910 545 949 credit
573 911 704 948 mala?
733 918 884 959 separat
911 911 989 948 hoc
1016 924 1088 949 nos

62 987 84 1011 a
111 987 226 1024 grege
254 983 460 1023 mutorum,
491 983 610 1024 atque
638 975 728 1014 ideo
756 975 975 1015 venerabile
1004 975 1076 1014 soli

61 1039 182 1077 sortiti
210 1039 410 1088 ingenium
439 1039 740 1088 divinorumque
769 1053 932 1089 capaces

59 1111 176 1153 atque
205 1104 428 1142 exercendis
457 1104 735 1153 capiendisque
763 1104 908 1142 artibus
937 1104 1016 1154 apti
1179 1117 1248 1155 145

59 1182 216 1207 sensum
244 1182 268 1206 a
296 1169 452 1207 caelesti
481 1168 694 1207 demissum
723 1169 907 1207 traximus
936 1183 1034 1216 arce,

59 1233 167 1271 cuius
197 1241 311 1282 egent
338 1247 462 1283 prona
491 1241 528 1272 et
556 1241 696 1272 terram
724 1233 949 1283 spectantia.
1008 1235 1146 1273 mundi

56 1297 247 1347 principio
275 1297 434 1336 indulsit
463 1298 681 1336 communis
711 1298 892 1337 conditor
918 1299 991 1338 illis

57 1369 208 1399 tanturn
228 1361 388 1409 animas,
410 1362 521 1400 nobis
542 1362 716 1399 animum
737 1375 908 1411 quoque,
936 1370 1094 1402 mutuus
1114 1372 1156 1403 ut
1176 1378 1247 1403 nos

56 1425 232 1464 adfectus
259 1433 392 1476 petere
419 1426 604 1463 auxilium
634 1434 671 1464 et
699 1433 892 1475 praestare
921 1426 1078 1476 iuberet,
1174 1441 1246 1478 150

56 1489 249 1539 dispersos
278 1491 427 1529 trahere
455 1490 495 1528 in
523 1491 725 1540 populum,
756 1490 919 1539 migrare
946 1499 1099 1530 vetusto

55 1554 105 1592 de
133 1567 292 1593 nemore
321 1562 358 1594 et
385 1554 538 1604 proavis
565 1554 755 1593 habitatas
783 1554 958 1604 linquere
987 1556 1109 1605 silvas,

54 1619 259 1658 aedificare
287 1621 440 1667 domos,
470 1619 612 1658 laribus
641 1619 876 1667 coniungere
905 1620 1044 1658 nostris

54 1692 201 1724 tectum
229 1685 346 1732 aliud,
376 1692 480 1723 tutos
509 1685 637 1723 vicino
665 1685 799 1724 limine
827 1699 986 1724 somnos

53 1755 96 1787 ut
125 1750 279 1787 conlata
307 1750 414 1787 daret
443 1749 597 1796 fiducia,
627 1756 828 1798 protegere
857 1749 971 1787 armis
1170 1763 1240 1801 155

53 1810 205 1858 lapsum
233 1817 299 1848 aut
327 1810 474 1859 ingenti
501 1818 705 1849 nutantem
734 1812 891 1849 vulnere
920 1811 1058 1859 civem,

54 1874 254 1911 communi
282 1875 374 1913 dare
403 1874 512 1924 signa
539 1876 644 1919 tuba,
674 1875 876 1914 defendier
903 1875 1028 1914 isdem

52 1937 218 1975 turribus
246 1945 362 1987 atque
390 1952 468 1976 una
495 1947 693 1988 portarum
721 1940 830 1978 clave
857 1939 989 1978 teneri.

52 2001 122 2039 sed
149 2000 226 2039 iam
254 2003 476 2052 serpentum
503 2002 626 2041 maior
654 2002 872 2042 concordia.
931 2003 1052 2053 parcit

118 2155 174 2185 135
199 2146 381 2187 squalorem
402 2152 499 2188 atque
514 2148 619 2178 Kiacr
637 2146 642 2188 1
665 2149 723 2189 138
746 2148 865 2179 adutae
881 2145 934 2189 Pl
958 2158 1015 2188 143
1040 2147 1146 2190 adque
1162 2148 1196 2179 P
1213 2146 1219 2190 Ι

54 2208 110 2239 154
134 2199 238 2231 limite
253 2198 305 2241 Pl
330 2210 386 2241 157
411 2201 580 2233 defendi**
599 2202 634 2233 P

154 2275 198 2302 M.
214 2275 239 2303 1.
1105 2278 1126 2315 3
