1458 2476
647 158 753 195 XIII
1260 164 1279 202 7

434 453 623 490 LrssER
673 450 958 500 QUINTUS

639 571 744 608 XIII

111 692 423 775 EXEMPLO
445 691 720 740 quodcumque
740 689 843 727 malo
864 687 1126 735 committitur,
1157 687 1229 738 ipsi

218 757 396 807 displicet
420 755 576 794 auctori.
635 754 757 804 prima
782 761 838 791 est
863 754 959 791 haec
984 753 1090 800 ultio,
1113 753 1220 802 quod
1240 765 1280 791 se

101 824 229 862 iudice
257 835 374 859 nemo
403 832 549 858 nocens
577 818 798 866 absolvitur,
827 818 990 868 inproba
1018 816 1192 867 quamvis

100 887 221 936 gratia
249 885 374 924 fallaci
403 883 587 934 praetoris
615 883 747 922 vicerit
775 897 880 921 urna.

102 950 195 999 quid
225 948 365 987 sentire
395 956 506 997 putas
536 961 683 994 omnes,
715 947 888 994 Calvine‚
918 947 1063 985 recenti
1257 959 1275 996 5

100 1016 149 1052 de
178 1015 320 1052 scelere
350 1021 386 1050 et
416 1012 506 1050 fidei
534 1013 699 1050 violatae
727 1012 916 1050 crimine?
970 1013 1039 1050 sed
1068 1025 1142 1049 nec

99 1087 179 1117 tam
207 1078 334 1116 tenuis
363 1090 501 1114 census
530 1076 600 1114 tibi
628 1076 799 1126 contigit,
830 1084 872 1114 ut
900 1075 1107 1114 mediocris

99 1144 267 1182 iacturae
296 1150 333 1180 te
362 1148 508 1191 mergat
537 1154 646 1188 onus,
677 1154 750 1179 nec
778 1154 862 1178 rara
889 1141 1067 1179 videmus

98 1221 197 1258 quae
225 1207 366 1257 pateris
380 1222 391 1256 3
429 1220 539 1245 casus
567 1206 698 1244 multis
727 1206 790 1244 hic
817 1206 995 1256 cognitus
1023 1219 1069 1244 ac
1097 1205 1173 1243 iam

99 1273 208 1312 tritus
238 1280 276 1311 et
305 1286 326 1311 e
355 1273 488 1311 medio
516 1274 691 1310 fortunae
720 1273 859 1310 ductus
888 1285 1038 1310 acervo.
1233 1284 1277 1307 10

97 1351 290 1388 ponamus
319 1337 458 1375 nimios
485 1336 662 1385 gemitus.
718 1335 939 1385 flagrantior
967 1348 1093 1384 aequo

97 1415 176 1440 non
206 1402 324 1440 debet
353 1402 465 1440 dolor
493 1413 576 1438 esse
604 1398 684 1446 viri,
714 1412 787 1437 nec
814 1400 971 1436 vulnere
1000 1398 1130 1435 maior.

95 1474 137 1504 tu
166 1466 340 1515 quamvis
367 1465 509 1503 levium
537 1463 739 1501 minimam
767 1463 1023 1514 exiguamque
1051 1464 1241 1501 malorum

96 1532 325 1582 particulam
352 1531 415 1569 vix
442 1532 537 1568 ferre
567 1536 690 1579 potes,
720 1529 989 1578 spumantibus
1017 1529 1158 1566 ardens

95 1597 318 1642 visceribus,
349 1608 499 1634 sacrum
528 1593 598 1632 tibi
626 1595 734 1643 quod
761 1606 842 1631 non
870 1593 1007 1631 reddat
1035 1592 1182 1630 amicus
1229 1602 1272 1640 15

94 1661 324 1711 depositum.
383 1668 510 1709 stupet
537 1660 644 1706 haec,
676 1659 742 1708 qui
770 1659 846 1696 iam
874 1666 962 1708 post
989 1665 1097 1706 terga
1123 1657 1275 1706 reliquit

94 1727 292 1777 sexaginta
320 1738 454 1772 annos,
486 1725 651 1763 Fonteio
679 1725 838 1763 consule
868 1725 1009 1762 natus?

93 1805 142 1829 an
171 1790 266 1828 nihil
295 1791 334 1828 in
362 1789 499 1827 melius
528 1796 585 1826 tot
613 1802 739 1826 rerum
767 1787 918 1838 proficit
946 1788 1066 1825 usus?

93 1868 235 1905 magna
263 1854 434 1903 quidem,
466 1853 582 1891 sacris
612 1866 710 1902 quae
739 1853 806 1891 dat
833 1860 1041 1902 praecepta
1068 1850 1219 1897 libellis,

91 1919 225 1957 victrix
253 1920 428 1957 fortunae
457 1917 646 1967 sapientia
659 1932 670 1965 3
707 1918 884 1956 ducimus
912 1925 1042 1956 autem
1225 1931 1272 1954 20

92 1986 164 2022 hos
193 1996 350 2033 quoque
379 1982 521 2026 felices,
551 1982 617 2031 qui
645 1984 741 2021 ferre
769 1983 1021 2021 incommoda
1050 1982 1150 2020 vitae

92 2061 164 2086 nec
193 2047 333 2086 iactare
362 2047 493 2096 iugum
522 2047 600 2084 vita
628 2047 798 2086 didicere
827 2047 1015 2097 magistra.

155 2133 172 2162 5
195 2123 343 2154 homines
358 2123 498 2154 Ribbeck.
546 2121 566 2152 6
589 2122 653 2153 fide
669 2121 722 2163 P}
746 2134 781 2154 η
799 2123 865 2154 veri
881 2121 935 2163 P}
958 2122 994 2153 18
1018 2121 1144 2163 proficit
1165 2122 1268 2153 PSS‘:

90 2178 220 2219 proficis
242 2190 266 2208 ω
280 2179 396 2209 Herm.
413 2188 487 2208 usus
504 2179 529 2207 Σ
547 2190 554 2208 :
579 2188 635 2209 usu
652 2178 708 2208 Ρω
