1458 2476
198 502 275 560 D.
343 501 547 563 IUNI
615 501 1128 563 IUVENALIS

424 638 892 686 SATURARUM

403 834 590 870 LIBER
629 833 925 881 QUARTUS

621 968 704 1003 XII

83 1083 350 1165 NATALI,
381 1083 561 1129 Corvine,
593 1083 655 1121 die
684 1083 778 1121 mihi
807 1083 956 1121 dulcior
984 1085 1081 1122 haec
1111 1086 1187 1131 lux,

198 1161 275 1197 qua
302 1149 421 1186 festus
449 1149 638 1198 promissa
667 1149 749 1188 deis
777 1149 959 1186 animalia
987 1163 1121 1198 cespes

75 1221 262 1262 expectat.
320 1213 472 1251 niveam
501 1213 653 1262 reginae
683 1214 859 1251 ducimus
886 1227 1036 1263 agnam,

75 1292 143 1327 par
170 1280 291 1316 vellus
321 1279 471 1317 dabitur
499 1278 686 1328 pugnanti
715 1280 897 1328 Gorgone
927 1281 1076 1323 Maura,

76 1344 143 1381 sed
163 1346 297 1393 procul
318 1352 520 1382 extensum
541 1345 718 1393 petulans
739 1345 862 1393 quatit
883 1344 1009 1382 hostia
1028 1346 1161 1383 funem
1234 1358 1252 1393 5

75 1409 242 1458 Tarpeio
271 1417 420 1446 servata
449 1408 534 1446 Iovi
562 1410 806 1458 frontemque
834 1416 1034 1455 coruscat3

77 1472 218 1522 quippe
245 1474 352 1511 ferox
379 1473 532 1519 vitulus,
561 1473 715 1522 templis
743 1480 914 1511 maturus
944 1481 981 1511 et
1009 1486 1097 1512 arae

76 1537 388 1586 spargendusque
418 1550 534 1583 mero,
566 1549 680 1585 quem
709 1536 785 1574 iarn
814 1538 937 1586 pudet
964 1538 1084 1575 ubera
1111 1537 1242 1575 matris

76 1600 228 1646 ducere,
257 1599 324 1649 qui
351 1607 463 1637 vexat
490 1599 665 1638 nascenti
692 1600 830 1638 robora
857 1613 988 1638 cornu.

77 1664 107 1701 si
136 1678 194 1702 res
223 1666 351 1714 ampla
379 1664 486 1702 domi
514 1664 724 1713 similisque
753 1665 954 1703 affectibus
983 1673 1094 1712 esset,
1210 1680 1255 1703 10

75 1729 252 1778 pinguior
280 1729 464 1778 Hispulla
491 1730 702 1767 traheretur
729 1736 857 1767 taurus
886 1737 923 1768 et
951 1729 1034 1779 ipsa

76 1793 179 1829 mole
207 1791 313 1841 piger
340 1804 414 1829 nec
441 1792 604 1830 finitima
630 1791 792 1830 nutritus
820 1792 860 1830 in
887 1794 1018 1840 herba,

75 1857 176 1894 laeta
207 1864 265 1894 set
295 1856 505 1894 ostendens
539 1856 726 1895 Clitumni
756 1869 900 1906 pascua
932 1857 1086 1907 sanguis

75 1921 145 1957 iret
175 1927 212 1958 et
244 1933 268 1957 a
296 1921 431 1968 grandi
461 1920 589 1959 cervix
621 1921 793 1959 ferienda
816 1921 1001 1968 ministro,

76 1983 126 2020 ob
156 1982 320 2021 reditum
353 1983 580 2032 trepidantis
613 1984 742 2022 adhuc
771 1985 1042 2034 horrendaque
1072 1987 1174 2035 passi
1208 1998 1250 2035 15

75 2059 197 2096 nuper
228 2055 266 2086 et
297 2048 533 2085 ineolumem
566 2060 650 2086 sese
680 2047 852 2087 mirantis
881 2048 1006 2086 amici.

140 2144 156 2165 2
174 2134 235 2165 diis
257 2133 309 2174 ΡΙ
330 2147 349 2174 4
372 2139 506 2176 putante
521 2133 573 2176 ΡΙ
595 2136 614 2166 8
636 2135 736 2166 ubera
758 2136 869 2167 matris
891 2147 951 2168 om.
971 2135 1023 2178 Pl
1047 2146 1083 2176 13
1107 2136 1206 2168 laetas
1222 2141 1253 2168 et

75 2188 108 2218 P
123 2186 127 2228 Ι
152 2197 189 2227 14
204 2199 224 2218 a
239 2199 298 2219 om.
318 2189 352 2219 P

120 2284 126 2288 ,
181 2253 222 2279 M.
242 2253 266 2279 1.
1126 2255 1143 2281 1
