1458 2476
155 208 202 242 24
693 198 793 235 XIV

152 281 269 319 salsus
299 280 369 320 erit
397 281 517 328 testiS,
546 283 693 320 vendet
721 282 887 332 periuria
915 295 1068 321 summa

152 344 289 395 exigua
316 353 355 384 et
385 345 534 385 Cereris
564 353 726 395 tangens
757 360 942 396 aramque
969 348 1201 397 pedemque.

152 409 293 446 elatam
321 408 399 446 iam
427 410 542 447 crede
571 422 723 457 nurum,
753 409 784 448 si
813 410 948 449 limina
974 418 1099 449 vestra
1261 423 1336 448 220

151 471 348 510 mortifera
375 485 465 510 cum
494 472 588 511 dote
616 472 737 511 subit:
766 473 906 523 quibus
934 473 1000 512 illa
1026 481 1221 523 premetur

152 548 221 584 per
248 548 431 573 somnum
460 535 610 586 digitis!
638 549 730 574 nam
759 551 858 587 quae
886 545 1063 587 terraque
1091 536 1266 587 marique

153 599 395 648 adquirenda
422 607 547 649 putas,
576 600 728 638 brevior
755 600 817 639 via
846 602 1019 639 conferet
1047 600 1100 638 illi
1108 614 1120 649 3

152 665 281 701 nullus
297 664 400 701 enim
418 663 548 714 magni
561 664 713 702 sceleris
733 666 852 703 labor.
895 666 1021 703 “haec
1034 678 1106 714 ego
1121 678 1334 715 numquam

151 729 354 767 mandavP'
384 729 490 768 dices
519 729 612 767 olim
643 732 746 768 “nec
774 730 864 767 talia
892 729 1031 767 suasi.''
1260 742 1306 766 22
1313 740 1333 778 5

152 791 292 830 mentis
320 805 437 830 causa
465 794 590 830 malae
619 799 750 830 tamen
781 800 837 830 est
866 799 904 830 et
933 792 1041 842 origo
1070 805 1190 842 penes
1218 800 1265 830 te.

152 868 242 894 nam
272 857 445 905 quisquis
474 857 605 906 magni
634 869 773 894 census
803 857 999 906 praecepit
1027 870 1200 895 amorem

152 927 190 958 et
218 921 328 958 laevo
357 921 508 959 monitu
537 934 677 970 pueros
715 921 895 970 producit
923 934 1069 968 avaros,

153 981 210 1035 [et
238 983 305 1032 qui
333 997 401 1033 per
428 985 580 1022 fraudes
609 983 842 1033 patrimonia
870 982 1175 1036 conduplicare,]

153 1048 218 1085 dat
246 1047 463 1085 libertatem
493 1055 530 1086 et
556 1055 656 1086 totas
684 1048 847 1086 effundit
872 1049 1043 1086 habenas
1261 1061 1335 1096 230

152 1112 340 1150 curriculo
350 1127 360 1160 ,·
389 1126 505 1162 quem
536 1113 567 1151 si
595 1126 765 1159 revoceS,
797 1113 1005 1152 subsistere
1033 1112 1157 1151 nescit

153 1183 190 1213 et
219 1183 257 1214 te
286 1184 513 1226 contempto
542 1177 686 1227 rapitur
709 1177 899 1227 metisque
928 1178 1079 1216 relictis.

152 1254 269 1279 nemo
298 1241 388 1279 satis
417 1242 538 1279 credit
567 1249 718 1280 tantum
749 1242 986 1291 delinquere,
1017 1249 1206 1291 quantum

156 1304 355 1353 permittas
363 1318 373 1352 3
403 1305 503 1343 adeo
532 1304 735 1355 indulgent
763 1305 835 1343 sibi
863 1305 976 1343 latius
1005 1304 1087 1354 ipsi.

153 1382 242 1406 cum
271 1368 366 1407 dicis
395 1369 524 1407 iuveni
553 1371 725 1417 stultum,
756 1370 823 1419 qui
852 1371 972 1408 donet
1001 1370 1139 1416 amico,
1259 1382 1330 1420 235

153 1433 219 1482 qui
247 1441 514 1482 paupertatem
542 1435 645 1472 levet
673 1435 900 1483 attollatque
929 1434 1147 1484 propinqui,

154 1504 191 1534 et
219 1497 384 1546 spoliare
414 1498 532 1536 doces
561 1506 599 1536 et
627 1498 941 1537 circumscribere
970 1508 1008 1537 et
1037 1499 1144 1537 omni

151 1561 310 1600 crimine
340 1562 490 1601 divitias
518 1564 731 1612 adquirere,
761 1577 923 1613 quarum
951 1577 1060 1602 amor
1087 1564 1127 1602 in
1156 1572 1193 1602 te

151 1634 317 1676 quantus
346 1634 426 1664 erat
453 1627 598 1676 patriae
628 1628 840 1666 Deciorum
869 1628 907 1665 in
945 1636 1113 1677 pectore,
1145 1635 1332 1677 quantum

152 1691 284 1729 dilexit
312 1692 481 1739 Thebas,
512 1693 543 1730 si
572 1693 735 1731 Graecia
757 1707 856 1740 vera,
889 1695 1148 1740 Menoeceus,
1259 1707 1333 1740 240

151 1751 190 1789 in
220 1765 383 1801 quorum
413 1754 527 1791 sulcis
557 1754 730 1803 legiones
760 1755 940 1793 dentibus
969 1755 1104 1803 anguis

151 1829 240 1853 cum
270 1816 403 1865 clipeis
432 1826 642 1855 nascuntur
670 1827 707 1857 et
736 1819 892 1857 horrida
920 1820 1022 1857 bella
1049 1826 1255 1868 capessunt

151 1879 349 1927 continuo,
380 1888 578 1930 tamquam
608 1890 644 1920 et
669 1883 825 1921 tubicen
856 1882 1057 1921 surrexerit
1083 1895 1172 1920 una„

151 1959 241 1996 ergo
270 1945 412 1995 ignem,
444 1946 553 1984 cuius
583 1947 768 1985 scintillas
797 1947 878 1996 ipse
908 1946 1060 1994 dedisti,

150 2012 374 2059 flagrantem
403 2012 479 2049 late
508 2018 546 2049 et
573 2011 788 2060 rapientem
815 2018 956 2049 cuncta
981 2009 1146 2057 videbis,
1256 2022 1328 2060 245

150 2088 223 2112 nec
251 2074 320 2113 tibi
348 2082 526 2124 parcetur
553 2075 705 2122 misero,
737 2076 1008 2125 trepidumque
1037 2075 1261 2125 magistrum

215 2169 275 2198 ‘224
292 2159 372 2190 haec
388 2169 448 2200 ego
464 2170 641 2201 numquam
654 2171 713 2191 om.
729 2161 762 2190 J>
778 2158 782 2201 1
803 2169 865 2201 229
880 2170 940 2191 om.
954 2162 982 2191 S·
1000 2158 1006 2201 ί
1027 2159 1247 2200 conduplicari
1260 2160 1293 2190 P
1307 2157 1312 2200 l

153 2215 213 2253 238
237 2213 404 2255 a³⁶quirere
420 2215 454 2245 P
470 2212 474 2255 Ι
494 2225 556 2254 ‘²40
572 2225 710 2255 veraque
727 2216 759 2245 P
