1458 2476
561 174 662 212 XIV
715 172 906 210 261—263
1248 185 1319 221 133

139 261 209 293 that
233 259 310 301 they
332 259 427 301 again
453 259 641 291 committed
666 258 749 290 their
774 258 892 290 hoards
918 263 952 290 to
976 256 1120 290 Castor’s
1145 258 1266 299 temple
1288 268 1323 289 as

138 314 229 335 more
244 313 364 334 secure.

203 353 352 377 GALEAM
377 351 554 376 PERDmlT
578 351 633 375 x11
660 353 718 384 ¹²9
734 353 768 374 n.
813 351 884 374 xm
905 353 961 375 102
978 354 1012 375 n.
1056 352 1113 383 147
1130 353 1163 374 n.
1213 351 1270 381 152
1288 353 1321 374 n.

138 389 211 420 The
227 398 365 428 avenger
380 388 442 419 lost
457 397 538 418 even
556 387 605 417 his
627 386 792 417 defensive
818 396 959 417 armour.
1004 385 1046 417 cf.
1063 387 1119 417 the
1138 386 1260 417 rebuke
1287 391 1321 416 to

139 431 195 463 the
210 441 298 462 same
315 431 417 461 father
432 430 469 460 of
482 430 586 460 Rome
602 429 651 460 sor
666 429 716 460 his
732 428 858 469 neglect
877 436 903 459 11
925 438 1041 470 1²9··¹
1050 438 1087 468 3²
1100 429 1250 459 traditur
1262 438 1323 459 ecce

138 475 211 505 viro
225 474 332 504 clarus
343 483 456 514 genere
469 477 563 512 atque
577 471 687 511 opibus
702 471 777 501 vir:
795 478 800 512 Ι
821 481 889 502 nec
911 471 1059 512 galeam
1078 481 1248 512 quassas,
1269 481 1322 501 nec

139 521 260 547 terram
275 516 399 556 cuspide
409 515 530 556 pulsas,
550 513 554 555 Ι
575 524 630 545 nec
643 514 782 554 quereris
794 514 909 554 patri?
931 514 1030 544 vade
1057 524 1148 554 ergo
1167 520 1203 545 et
1229 514 1322 545 cede

140 559 264 590 severi
284 558 289 598 Ι
309 558 509 598 iugeribus
533 557 669 597 campi,
698 566 810 597 quem
837 556 1038 596 neglegis!
1080 557 1153 597 Just
1180 566 1216 587 so
1245 556 1321 587 here

140 602 181 632 he
197 601 254 632 has
271 606 304 632 to
320 601 426 641 resign
442 600 496 631 the
511 600 648 639 custody
663 598 699 629 of
711 605 852 629 treasure
869 604 902 629 to
919 599 973 630 the
990 609 1079 630 more
1095 599 1174 630 alert
1192 599 1318 630 Castor.

140 644 213 674 Liv.
231 651 307 674 xxv
325 653 341 682 3
358 645 374 681 ἓ
390 653 406 674 2
425 642 583 684 speaking
598 642 635 673 of
658 641 712 672 the
728 641 828 681 spoils
843 641 881 672 of
904 641 1061 682 Syracuse
1079 649 1145 672 ΒΩ.
1164 651 1222 672 212
1249 642 1322 672 inde

133 687 284 728 prunum
301 686 433 716 im'ttum
450 685 597 715 mirandi
625 685 820 715 Graecarum
845 685 969 714 artium
994 690 1086 724 opesa
1113 684 1319 715 licentiae-

139 739 212 770 que
228 729 318 760 huic
337 738 446 759 sacra
462 727 701 768 profanaque
717 727 844 757 omnia
857 727 974 766 vulgo
990 726 1247 767 spoliandifa
1243 731 1320 757 tum

139 776 191 806 est,
208 782 305 812 quae
322 777 518 812 postremo
534 771 572 800 in
591 770 786 801 Romanos
805 769 909 804 deos,
928 769 1117 810 templum
1135 769 1173 800 id
1197 769 1320 810 ipsum

139 814 316 855 primum,
342 813 447 854 quod
471 823 490 844 a
515 812 707 843 Marcello
731 812 872 842 eximie
899 817 1078 842 ornatum
1104 817 1171 847 est,
1189 812 1319 842 vertit.

139 858 157 894 ς
173 867 190 896 3
207 857 394 887 visebantur
409 856 494 886 enim
516 856 554 885 ab
576 855 714 886 extemis
737 855 782 884 ad
797 859 928 894 partam
957 855 1118 902 Capenam
1145 855 1286 885 dedicata
1301 865 1321 884 a

140 900 193 930 M.
217 899 372 929 Illarcello
395 899 509 938 templa
528 904 565 938 p}
567 903 659 938 apter
677 897 858 928 excellentza
884 906 952 927 etus
971 897 1097 937 generis
1116 907 1243 928 ornam
1240 902 1316 934 nta,

140 952 300 982 quorum
324 941 537 981 perexigua
561 950 647 981 pars
671 945 882 979 comparet
943 940 1032 970 anth.
1051 939 1119 970 Pal.
1137 947 1176 970 XI
1198 948 1319 979 174—7

141 984 268 1015 various
284 984 382 1015 thests
397 983 434 1014 of
453 984 558 1024 gods;
585 993 647 1013 one
672 983 715 1022 by
731 983 837 1012 whom
856 982 909 1012 the
931 982 1015 1012 thies
1033 993 1098 1013 was
1118 987 1151 1013 to
1172 992 1284 1018 swern,
1302 993 1320 1013 a

143 1027 284 1058 Hermes
299 1026 402 1067 guard
417 1026 453 1056 of
470 1037 488 1056 a
508 1025 724 1066 gymnasium,
741 1035 760 1056 a
783 1025 933 1056 Phoebus
957 1023 1013 1055 τόν
1040 1024 1101 1055 τῶν
1123 1024 1322 1055 κλεπτόντων

140 1071 308 1107 μανὺτορα.

205 1115 263 1142 262
286 1121 352 1152 seq.
372 1118 415 1142 111
433 1119 472 1151 39
489 1120 540 1150 40.
588 1110 671 1140 Hor.
688 1120 739 1150 ep.
759 1117 785 1140 11
808 1120 819 1140 1
844 1110 963 1150 197—8
980 1115 1176 1150 spectaret
1199 1120 1320 1151 popu-

141 1154 218 1184 lum
247 1154 352 1184 ludis
378 1153 569 1184 intentius
595 1153 701 1193 ipsis,
726 1152 790 1187 lut
817 1152 891 1182 sibi
922 1153 1176 1200 praebentem
1200 1153 1320 1183 nimio

141 1196 374 1237 spectacula
404 1196 525 1236 plura.
575 1195 819 1227 Ov.Pont.1V
842 1205 858 1234 3
885 1204 925 1235 49
952 1195 1053 1225 ludit
1080 1195 1117 1225 in
1144 1195 1320 1226 humanis

140 1239 274 1270 divina
304 1239 478 1279 potentia
508 1238 630 1269 rebus.
696 1238 769 1269 Sen.
815 1248 904 1268 cons.
939 1238 1051 1277 Polyb.
1097 1236 1236 1278 16:35
1249 1239 1266 1275 ἓ
1302 1247 1319 1268 2

140 1282 288 1312 Fortuna
303 1283 452 1322 inpotens,
469 1282 575 1322 quales
593 1291 637 1311 ex
658 1280 838 1311 humanis
860 1280 973 1311 malis
999 1280 1071 1310 tibi
1096 1281 1182 1321 ipsa
1208 1281 1320 1311 ludos

142 1324 264 1355 facis!

207 1374 349 1398 FLORAE
371 1374 410 1397 VI
437 1375 497 1407 249
526 1376 541 1396 2
548 1376 586 1405 50
608 1365 795 1406 dzgttisn‘ttza
817 1364 975 1406 prorsus!
997 1365 1146 1396 Florali
1172 1369 1320 1396 matrona

141 1409 228 1440 tuba.
272 1409 429 1446 Floralia,
450 1409 543 1449 April
562 1409 723 1448 28—May
740 1418 768 1448 3,
788 1408 971 1439 celebrated
987 1409 1064 1439 with
1087 1416 1176 1449 great
1198 1409 1320 1440 licence

143 1452 205 1483 Ov.
226 1452 247 1482 f.
265 1460 288 1482 v
310 1452 472 1491 183—378
489 1461 556 1492 esp.
571 1452 747 1491 348—-355,
767 1461 908 1482 scaena
923 1451 1022 1481 levis
1042 1452 1122 1482 decet
1141 1452 1233 1482 ltaec:
1255 1462 1319 1481 non

142 1499 194 1525 cst.
218 1495 302 1525 milei
324 1495 442 1531 credite,
463 1504 528 1524 nan
548 1498 591 1524 est
608 1494 612 1533 Ι
633 1494 690 1523 illa
715 1493 922 1524 cothurnatas
941 1494 1027 1524 inter
1050 1494 1194 1524 habenda
1217 1493 1318 1533 deam!

142 1537 235 1568 turba
251 1537 378 1577 quidem
393 1547 453 1567 cur
466 1537 520 1567 lzos
535 1536 658 1567 celebret
671 1536 894 1567 meretricia
917 1536 1014 1574 ludos,
1038 1535 1042 1576 Ι
1063 1547 1126 1566 nan
1143 1547 1182 1567 ex
1196 1536 1324 1576 difficili

142 1580 349 1620 cansapelita
363 1580 472 1610 subest.
493 1578 498 1619 Ι
519 1589 593 1609 non
610 1584 667 1609 est
689 1579 735 1609 de
757 1579 919 1616 tetricis,
940 1589 1014 1609 non
1038 1584 1093 1610 est
1118 1579 1164 1609 de
1184 1589 1320 1619 magna

142 1622 338 1663 professis
354 1634 361 1652 :
381 1622 385 1662 Ι
405 1623 470 1652 volt
484 1632 545 1652 sua
553 1622 670 1662 plebeio
684 1632 776 1651 sacra
792 1626 903 1662 palere
915 1621 1016 1652 choro.
1038 1621 1041 1661 Ι
1061 1627 1091 1652 et
1113 1627 1216 1651 monet
1237 1626 1318 1652 aeta-

141 1665 186 1695 tis
212 1665 316 1705 specie,
342 1665 419 1694 dum
434 1664 562 1704 floreat,
590 1665 656 1694 ut1':
675 1663 679 1704 Ι
699 1669 906 1694 contemnunt
932 1665 1071 1705 spinam,
1098 1675 1169 1694 cum
1193 1665 1323 1694 cecidere

143 1718 240 1738 rosae.
286 1708 384 1738 Mart.
417 1715 428 1738 1
460 1707 559 1746 praef.
588 1707 662 1736 who
688 1707 760 1738 tells
786 1707 840 1737 the
867 1707 1077 1737 well-known
1104 1707 1262 1737 anecdote
1288 1706 1325 1738 of

143 1750 227 1781 Cato
251 1750 316 1780 and
342 1750 396 1781 the
420 1750 527 1780 naked
553 1750 672 1779 mimae
687 1749 724 1779 cf.
743 1749 787 1780 ib.
806 1748 845 1787 36
862 1750 880 1779 8
896 1759 928 1790 9.
975 1750 1056 1779 Arn.
1075 1757 1128 1780 vll
1147 1758 1186 1789 33
1210 1749 1320 1780 existi-

143 1797 252 1823 matne
265 1793 403 1823 tractari
416 1803 447 1822 se
467 1792 639 1832 honorifice
662 1792 787 1829 Flora,
812 1792 844 1823 si
873 1792 952 1823 suis
977 1792 1015 1822 in
1041 1792 1145 1822 ludis
1173 1792 1318 1832 flagiti-

141 1846 229 1866 osas
249 1835 499 1875 conspexerit
524 1845 584 1865 res
609 1834 670 1874 agi
693 1840 730 1865 et
753 1835 964 1875 migratum
983 1835 1030 1864 ab
1054 1835 1320 1876 lupanaribus

144 1878 183 1908 in
200 1878 380 1908 theatra?

206 1923 265 1951 263
280 1928 432 1951 CERER18
449 1919 503 1950 the
515 1919 667 1956 Cerealia,
684 1919 778 1960 April
798 1930 928 1961 12—19,
948 1930 1031 1950 were
1045 1920 1202 1950 circenses.
1240 1920 1318 1950 Tac.

144 1970 193 1993 xv
211 1972 261 2001 53.
307 1963 368 1993 Ov.
390 1963 411 1993 f.
430 1970 467 1993 ιν
486 1963 662 2003 393--620,
680 1972 707 1992 e.
718 1973 749 2002 g.
774 1961 836 2002 619
855 1962 918 1993 620
933 1963 1005 1993 alba
1031 1963 1135 1993 decent
1160 1963 1321 1993 Cererem:

141 2006 237 2036 vestis
257 2005 436 2036 Cerealibus
450 2006 538 2035 albas
556 2004 560 2045 Ι
580 2005 697 2035 sumite
706 2015 720 2042 ,¹
736 2015 824 2035 nunc
832 2006 925 2045 pulli
939 2006 1062 2036 velleris
1078 2016 1154 2035 usus
1169 2005 1264 2035 abest.

206 2055 314 2079 mem·
333 2055 540 2084 RELINQUAS
558 2055 568 2078 1
591 2047 646 2078 162
665 2058 695 2078 n.

206 2098 362 2121 CYBELES
378 2091 432 2121 the
448 2091 618 2130 Megalesia
636 2091 688 2127 (Χι
711 2098 767 2129 193
781 2100 813 2120 n.
846 2097 913 2122 ac.
935 2100 988 2131 19¹
1010 2090 1083 2120 Liv.
1098 2098 1214 2121 xxxw
1229 2089 1268 2130 36
1283 2091 1318 2128 ἓξ

144 2143 162 2172 3
179 2145 198 2173 4
219 2133 308 2164 aedes
329 2133 445 2163 matris
465 2143 601 2173 magnae
622 2134 736 2163 Idaeae
749 2133 894 2163 dedicata
916 2134 1132 2173 est...ludique
1145 2133 1181 2163 ob
1200 2133 1320 2164 dedica-

141 2176 259 2206 tionem
274 2176 343 2206 eius
349 2176 444 2216 sacti,
463 2186 539 2216 quos
547 2176 673 2216 primos
693 2176 897 2207 scaenicos
909 2177 1017 2216 fuisse
1031 2176 1152 2207 Antias
1174 2176 1321 2207 Valerius
