1458 2476
609 189 716 227 XIII
1232 202 1254 236 9

79 289 152 315 nec
180 283 264 315 rota
292 288 366 315 nec
393 274 533 314 Furiae
561 288 635 313 nec
663 288 797 313 saxum
826 282 892 314 aut
919 275 1078 314 vulturis
1106 275 1176 314 atri

78 354 216 391 poena,
251 343 320 380 sed
352 340 509 379 infernis
539 341 677 378 hilares
711 341 793 378 sine
825 340 978 390 regibus
1011 341 1182 379 umbrae.

78 407 290 457 inprobitas
322 406 389 445 illo
419 405 490 444 fuit
521 405 756 444 admirabilis
786 418 893 451 aevo,

79 471 287 509 credebant
316 483 394 519 quo
423 470 567 519 grande
595 471 703 507 nefas
732 476 770 507 et
798 477 921 507 morte
950 468 1148 518 piandum,

78 533 109 572 si
141 533 288 572 iuvenis
321 534 451 571 vetulo
481 545 562 570 non
592 533 858 570 adsurrexerat
890 539 928 570 et
961 531 992 570 si
1207 542 1252 580 55

77 599 240 636 barbato
269 597 500 647 cuicumque
531 610 636 646 puer,
668 597 757 635 licet
789 597 872 646 ipse
899 596 1046 635 videret

76 664 185 712 plura
213 662 321 701 dorni
350 664 453 712 fraga
483 670 520 700 et
552 662 716 700 maiores
745 662 896 711 glandis
927 675 1094 700 acervos.

77 735 157 766 tarn
185 727 402 766 venerabile
437 735 516 765 erat
545 727 776 776 praecedere
808 734 987 775 quattuor
1018 726 1140 773 annis,

77 792 276 842 primaque
309 805 377 841 par
406 793 505 831 adeo
539 805 667 830 sacrae
698 792 840 841 lanugo
871 799 1060 829 senectae.

79 870 194 904 nunc,
229 856 260 894 si
291 856 510 905 depositum
542 869 624 894 non
654 855 837 893 infitietur
865 855 1024 903 amicus,
1207 857 1256 892 60

79 921 110 959 si
141 921 277 958 reddat
309 928 478 958 veterem
509 933 597 958 cum
630 927 712 958 tota
741 920 921 969 aerugine
954 921 1097 966 follem,

77 984 299 1034 prodigiosa
331 985 427 1022 fides
458 991 495 1022 et
529 983 667 1021 Tuscis
701 983 817 1032 digna
850 984 1000 1031 libellis,

78 1061 256 1098 quaeque
288 1056 474 1086 coronata
503 1047 651 1085 lustrari
682 1048 823 1085 debeat
855 1061 963 1097 agna.

78 1111 272 1161 egregium
300 1118 554 1160 sanctumque
583 1111 708 1148 virum
742 1111 773 1148 si
803 1124 929 1157 cerno,
960 1110 1165 1149 bimembri

77 1176 152 1213 hoc
184 1183 399 1213 monstrum
433 1188 554 1224 puero
587 1176 649 1212 vel
679 1175 833 1213 miranti
864 1177 935 1213 sub
967 1183 1092 1214 aratro
1208 1177 1253 1226 65

77 1240 246 1290 piscibus
280 1239 444 1277 inventis
476 1247 514 1277 et
546 1240 646 1277 fetae
678 1253 864 1289 comparo
895 1242 1034 1287 mulae,

78 1304 273 1350 sollicitus,
305 1311 502 1353 tamquam
537 1304 686 1353 lapides
717 1305 893 1343 effuderit
924 1305 1048 1343 imber

78 1381 319 1417 examenque
352 1368 484 1417 apium
514 1370 630 1418 longa
663 1369 882 1407 consederit
914 1382 989 1406 uva

77 1432 246 1470 culmine
279 1432 438 1479 delubri,
469 1440 667 1481 tamquam
698 1432 736 1469 in
770 1445 874 1470 mare
905 1432 1053 1470 fluxerit
1081 1433 1205 1471 amnis

77 1496 288 1546 gurgitibus
316 1495 420 1533 miris
449 1503 487 1534 et
518 1495 627 1533 lactis
660 1496 802 1534 vertice
832 1504 990 1534 torrens.
1211 1510 1257 1545 70

131 1563 354 1611 Intercepta
384 1562 521 1599 decern
552 1562 721 1610 quereris
756 1562 930 1599 sestertia
960 1562 1096 1600 fraude

79 1626 289 1676 sacrilega?
344 1625 439 1675 quid
470 1625 501 1663 si
534 1625 593 1663 bis
627 1634 784 1663 centum
818 1626 987 1675 perdidit
1019 1627 1115 1664 alter

77 1690 154 1728 hoc
183 1702 323 1727 arcana
351 1690 504 1727 modo?
558 1688 744 1726 maiorem
774 1689 908 1727 tertius
938 1689 1003 1727 illa

79 1767 281 1800 summam,
311 1767 428 1803 quam
456 1754 611 1802 patulae
639 1753 703 1791 vix
731 1760 885 1802 ceperat
913 1754 1076 1803 angulus
1105 1756 1246 1792 arcae?

79 1826 157 1856 tam
177 1818 288 1856 facile
308 1825 344 1856 et
364 1830 530 1867 pronum
547 1825 603 1855 est
619 1830 778 1866 superos
794 1824 1043 1855 contemnere
1058 1825 1185 1863 testes,
1211 1829 1254 1866 75

80 1882 111 1920 si
143 1881 313 1920 mortalis
346 1881 450 1919 idem
483 1894 601 1919 nemo
636 1881 755 1919 sciat!
811 1881 952 1930 aspice,
983 1890 1128 1930 quanta

79 1958 176 1984 voce
209 1952 334 1995 neget,
365 1958 465 1995 quae
496 1945 544 1983 sit
575 1945 655 1983 ficti
685 1945 903 1983 constantia
934 1947 1071 1983 vultus.

146 2051 183 2082 52
208 2043 264 2073 sed
279 2053 340 2073 om.
356 2041 555 2083 P158tum
571 2043 693 2084 Jahn:
717 2048 784 2074 tarn
801 2041 934 2085 Ρω159
953 2050 1007 2074 *ar
1024 2045 1059 2074 P
1075 2042 1079 2085 Ι
1098 2043 1136 2083 65
1155 2045 1204 2075 vel
1217 2051 1257 2085 p:

81 2100 141 2116 ’ἢ
158 2096 193 2126 P
213 2101 268 2127 aut
293 2099 323 2127 5·
345 2101 377 2127 et
403 2100 432 2127 S·
451 2095 454 2137 Ι
475 2097 631 2127 mirandis
651 2098 712 2127 ΡΞ·
732 2098 845 2138 Jahn,
871 2099 1010 2130 Herm.:
1045 2098 1175 2129 miranti
1192 2105 1252 2140 pm.

79 2149 199 2190 Jortin
231 2150 298 2180 eccl.
327 2150 398 2182 hist.
431 2158 444 2181 1
467 2156 502 2192 p.
532 2160 561 2190 7.
603 2152 726 2182 Porsen
757 2156 854 2182 tracts
882 2157 918 2192 p.
951 2163 1012 2192 310
1043 2150 1048 2193 l
1080 2161 1119 2192 70
1152 2154 1259 2184 miniis

80 2202 202 2233 Porson
218 2203 291 2234 ibid.
