1458 2476
645 186 728 223 ΧΠ
1255 199 1276 235 3

102 268 309 308 Parthenio
337 269 466 314 factas,
497 280 615 306 urnae
643 276 788 305 cratera
816 280 1000 316 capacem

100 343 137 372 et
166 333 326 383 dignum
355 333 506 370 sitiente
535 333 660 370 Pholo
689 333 749 369 vel
777 331 944 381 coniuge
974 331 1089 369 Fusci
1105 345 1116 378 ς
1226 344 1272 381 45

98 398 200 435 adde
229 405 266 435 et
295 397 510 434 bascaudas
538 403 577 434 et
604 395 709 432 mille
738 395 894 440 escaria,
925 396 1091 432 multum

98 463 246 509 caelati,
277 462 425 501 biberat
453 473 532 509 quo
561 459 723 497 callidus
751 468 904 508 emptor
931 459 1104 508 Olynthi.

98 528 167 566 sed
195 526 281 576 quis
309 538 413 563 nunc
441 524 550 571 alius,
580 537 658 573 qua
685 525 820 562 mundi
850 532 958 573 parte
987 524 1072 573 quis
1101 525 1219 562 audet

98 599 256 641 argento
284 591 474 640 praeferre
501 597 618 638 caput
645 589 839 637 rebusque
868 590 1062 626 salutem?

101 653 198 707 [non
226 662 382 704 propter
410 654 527 691 vitam
555 652 703 690 faciunt
731 652 962 701 patrimonia
991 653 1162 702 quidam,
1228 665 1276 702 50

97 718 167 756 sed
195 717 288 755 vitio
316 716 422 754 caeci
449 723 606 765 propter
632 715 863 764 patrimonia
890 714 1053 767 vivunt]

97 781 259 820 iactatur
285 794 412 820 rerum
441 780 593 818 utilium
620 792 708 829 pars
736 779 916 825 maxima,
947 782 1016 818 sed
1044 794 1116 819 nec

97 847 242 885 damna
267 847 421 891 levant3
457 853 550 882 tunc
577 844 747 882 adversis
775 843 1026 893 urguentibus
1054 844 1144 882 illuc

95 909 255 948 reccidit
282 918 324 948 ut
352 910 498 947 malum
525 910 624 946 ferro
653 907 920 955 summitteret,
945 920 991 946 ac
1020 921 1060 946 se

97 973 260 1022 explicat
287 981 517 1022 angustum:
554 971 786 1010 discriminis
815 972 962 1019 ultima,
992 974 1150 1022 quando
1225 985 1271 1023 55

94 1038 285 1087 praesidia
313 1037 522 1075 adserimus
551 1049 691 1074 navem
720 1038 866 1074 factura
894 1038 1094 1075 minorem.

93 1102 106 1140 i
133 1115 239 1140 nunc
266 1110 304 1140 et
331 1101 456 1140 ventis
484 1100 654 1138 animam
683 1101 881 1139 committe
911 1101 1045 1140 dolato

93 1166 261 1204 confisus
289 1164 406 1214 ligno,
436 1164 564 1213 digitis
592 1176 616 1201 a
644 1172 768 1202 morte
796 1172 967 1203 remotus

92 1238 276 1279 quattuor
302 1237 368 1267 aut
396 1237 557 1278 septem,
587 1227 619 1266 si
647 1228 695 1266 sit
723 1228 910 1266 latissima
936 1230 1051 1267 taeda
1064 1243 1075 1276 ;

92 1307 184 1333 mox
212 1306 300 1332 cum
328 1293 495 1331 reticulis
525 1300 563 1331 et
590 1306 692 1342 pane
720 1300 759 1331 et
786 1302 919 1332 ventre
946 1294 1109 1342 lagonae
1223 1296 1273 1332 60

91 1358 220 1408 aspice
249 1359 455 1396 sumendas
483 1357 523 1395 in
552 1366 784 1406 tempestate
813 1371 976 1396 secures.

90 1423 159 1461 sed
179 1430 386 1472 postquam
405 1422 523 1460 iacuit
546 1423 704 1471 planum
729 1435 844 1467 mare,
868 1430 1044 1471 tempora
1063 1430 1270 1471 postquam

89 1499 272 1536 prospera
299 1486 466 1525 vectoris
493 1487 694 1535 fatumque
722 1486 911 1524 valentius
940 1499 1033 1524 euro

89 1558 128 1588 et
155 1551 306 1599 pelago,
335 1558 543 1599 postquam
573 1552 717 1589 Parcae
746 1551 906 1589 meliora
933 1551 1100 1600 benigna

88 1627 211 1663 pensa
237 1628 355 1652 manu
384 1616 532 1653 ducunt
560 1614 700 1652 hilares
729 1622 766 1652 et
796 1614 969 1652 staminis
997 1614 1076 1652 albi
1221 1616 1266 1664 65

88 1680 275 1726 lanificae,
304 1678 460 1717 modica
487 1691 561 1717 nec
589 1679 753 1716 multum
782 1678 915 1716 fortior
941 1690 1032 1715 aura

87 1751 225 1781 ventus
253 1745 388 1782 adest:
426 1743 534 1793 inopi
562 1742 790 1781 miserabilis
817 1750 898 1780 arte
926 1741 1091 1780 cucurrit

87 1808 258 1847 vestibus
285 1808 448 1847 extentis
478 1816 527 1855 et,
557 1809 665 1857 quod
694 1815 938 1857 superaverat
969 1820 1102 1854 unum,

87 1873 175 1910 velo
203 1885 315 1922 prora
342 1886 422 1911 suo.
479 1872 557 1911 iarn
586 1872 856 1911 deficientibus
885 1872 1022 1909 austris

89 1947 177 1985 spes
203 1936 306 1975 vitae
334 1949 423 1974 cum
451 1937 534 1975 sole
561 1936 685 1984 redit;
723 1943 817 1975 tunc
844 1944 974 1986 gratus
1003 1937 1091 1975 Iulo
1220 1948 1268 1984 70

152 2042 192 2072 45
226 2033 306 2075 polo
334 2034 370 2065 P
385 2033 389 2075 Ι
408 2043 448 2074 47
482 2034 572 2075 quod
601 2032 655 2076 ΡΙ
674 2033 814 2076 pallidus
845 2032 899 2074 ΡΙ
919 2042 961 2073 50
990 2043 1028 2073 51
1068 2033 1128 2064 del.
1158 2034 1266 2064 Bentl.

88 2086 134 2118 ad
150 2087 232 2118 Hor.
255 2098 286 2118 a.
296 2093 332 2128 p.
355 2088 424 2127 387,
451 2088 574 2118 Markl.
597 2086 602 2128 Ι
622 2097 662 2127 54
684 2087 799 2118 recidit
821 2088 908 2118 PSS'
926 2086 931 2128 Ι
952 2096 990 2126 57
1017 2087 1130 2118 d*1ato
1152 2085 1207 2126 Pl
1227 2096 1266 2126 59

87 2141 265 2173 la*tissima
277 2142 312 2172 P
322 2141 501 2173 lautissima
516 2145 546 2173 S·
563 2139 569 2183 Ι
589 2140 627 2173 61
645 2141 769 2182 respice
784 2141 886 2182 Jalm
901 2153 908 2172 :
933 2141 1042 2182 aspice
1057 2141 1113 2172 Ρω
1131 2138 1138 2181 l
1155 2138 1196 2179 67
1220 2140 1267 2170 in-

88 2195 163 2237 opia
178 2196 212 2227 P
226 2195 233 2236 Ι
250 2201 334 2227 artes
349 2196 383 2226 P

1059 2260 1157 2286 1—2
