1458 2476
180 214 252 261 178
452 206 457 207 ⁷
604 214 690 252 sXV
743 212 932 252 147—159

175 298 214 329 of
224 298 440 340 quadrupeds‚
465 299 491 330 is
507 303 539 330 at
556 299 641 340 right
657 300 768 341 angles
784 300 863 331 with
879 301 934 331 the
950 300 1028 341 legs,
1051 300 1108 331 but
1124 300 1157 331 in
1173 310 1247 330 man
1268 300 1363 331 alone

177 342 229 372 ἐπὶ
258 343 330 379 μιᾶς
360 341 478 374 εὐθείας
508 343 681 374 ἐκτέταται.
731 343 796 374 Yet
819 343 861 374 he
890 343 1004 384 rejects
1035 343 1088 373 the
1119 343 1364 384 eommonplace

177 385 222 425 (p.
249 385 320 422 182)
345 386 383 415 τὸ
409 384 434 414 δ’
462 386 581 415 οἴεσθαι
606 384 665 415 διὰ
688 387 799 416 τοῦτο
825 387 943 426 ὀρθῶς
967 387 1124 417 ἑστάναι
1148 386 1210 416 τὸν
1233 384 1363 425 ἅνθρω-

177 439 256 463 πον,
286 427 328 457 ἵν’
353 428 404 459 εἰς
426 429 490 458 τὸν
513 426 668 462 οὐρανὸν
690 429 846 465 ἑτοίμως
869 427 1070 468 α’,ναβλέπῃ
1100 428 1152 459 καὶ
1174 428 1282 466 λε’·γειν
1303 430 1364 468 ἔχῃ

180 468 398 509 ἀ’νταυγέω
428 471 520 510 πρὸς
544 471 739 508 ’Όλυμπον
769 470 1025 511 ἀταρβήτοισι
1052 470 1289 510 προσώποις,’
1314 470 1363 502 αἶν-

178 514 307 549 θρώπων
323 512 382 551 μέν
398 514 485 543 ἐστιν
501 511 558 552 οὐχ
575 513 757 553 ἑωρακότων
779 513 979 545 οὐδεπώποτε
1001 515 1054 544 τὸν
1070 512 1257 551 καλούμενον
1278 513 1364 553 οὐρα-

178 556 329 586 νοσκόπον
352 555 457 595 ἰχθύν·
480 557 518 588 ὡς
542 555 630 588 οὗτός
645 569 695 596 Ὑε,
711 556 766 587 κᾶν
782 556 865 595 εἰμὴ
888 556 1045 597 βούλοιτο,
1070 559 1147 596 πρὸς
1169 558 1222 587 τὸν
1238 555 1367 595 οὐρανὸν

178 598 223 630 ἀεὶ
239 600 364 638 βλέπει,
385 598 544 639 ἅνθρωπος
561 602 593 631 δὲ
609 601 693 639 εἰμὴ
708 601 763 630 τὸν
776 601 940 640 τράχηλον
952 599 1143 630 αἷνακλάσειε
1159 601 1199 630 εἰς
1214 598 1364 635 τούπίσω,

177 640 231 672 τὸν
246 641 374 678 οὐρανὸν
389 641 444 673 οὐκ
460 642 497 672 ἄν
518 655 596 673 ποτε
618 644 779 673 θεάσαιτο.
824 644 934 679 Asses,
952 644 993 673 he
1010 643 1100 677 adds,
1121 642 1186 673 and
1202 642 1290 673 birds
1306 653 1366 673 can

177 685 245 715 also
261 685 366 715 throw
380 685 465 716 back
482 686 566 717 their
580 686 680 717 necks
695 687 759 716 and
775 686 854 717 look
869 697 914 727 up
930 691 963 717 to
979 685 1114 716 heaven.

241 731 299 758 148
331 732 389 759 149
432 737 609 759 INDULSIT
642 736 839 760 COMMUNIS
871 736 1061 759 CONDITOR
1087 736 1179 759 1LLIS
1210 736 1366 759 TANTUM

178 778 328 809 ANIMAS,
354 779 460 802 NOBIS
479 780 636 802 ANIMUM
657 779 809 808 QUOQUE
832 773 919 802 Non.
937 782 967 811 p.
989 771 1051 811 426
1073 771 1222 802 animus
1245 775 1289 802 est
1307 781 1367 811 quo

176 814 329 854 sapimus,
357 814 485 845 anima
507 826 571 855 qna
591 815 742 845 vivimus.
788 815 899 845 Attius
916 814 1096 855 Epigonis:
1119 814 1262 854 sapimus
1282 813 1366 845 ani-

178 867 244 894 mo,
260 857 419 897 fi‘uz‘mztr
439 857 581 888 anima:
603 858 672 888 sine
693 857 822 888 animo
845 857 973 888 anima
994 861 1038 887 est
1052 857 1170 887 debilis.
1360 863 1361 866 ’

241 903 300 930 150
322 903 381 930 151
403 899 452 931 for
467 901 597 940 rhythm
621 900 659 931 cf.
677 908 716 931 XI
738 911 796 931 110
816 910 883 931 111.
912 900 961 931 sor
985 900 1039 930 the
1061 899 1200 939 thought
1225 907 1236 930 1
1257 909 1314 938 142
1333 910 1363 930 n.

178 943 272 974 Lucr.
293 951 317 973 v
333 951 534 984 925—1457·
576 944 711 975 Aristot.
732 943 799 975 eth.
817 943 860 975 N.
880 951 892 974 1
915 951 996 982 5=7
1014 953 1044 984 p.
1070 951 1147 982 1097
1166 943 1196 973 b.
1221 952 1255 973 11
1276 940 1368 981 φύσει

177 985 338 1017 πολιτικός
361 984 528 1022 ἄνθρωπος.

242 1032 300 1060 151
324 1037 514 1060 D1SPERsos
541 1037 718 1060 TRAHERE
742 1037 782 1060 IN
807 1036 984 1060 POPULUM
1009 1028 1077 1060 Cic.
1110 1028 1150 1059 de
1177 1028 1239 1059 inv.
1273 1035 1286 1058 1
1314 1028 1366 1065 §2

177 1072 378 1113 dispersos
393 1072 536 1103 homines
550 1073 586 1103 in
602 1072 690 1112 agris
705 1077 734 1103 cl
749 1073 784 1103 in
800 1073 885 1103 tectis
899 1071 1094 1102 silvestribus
1113 1072 1232 1102 abditos
1247 1072 1370 1102 ratione

177 1115 316 1156 quadam
333 1115 484 1155 compulit
497 1126 600 1145 mmm
618 1116 652 1146 z'n
669 1116 770 1146 locum
785 1120 814 1146 el
827 1115 1036 1156 congregavit,
1057 1120 1118 1145 cet.

241 1161 300 1188 152
324 1165 362 1188 VI
381 1169 395 1188 2
415 1168 482 1198 seq.
515 1159 645 1189 Lucret.
662 1166 686 1188 V
702 1166 840 1199 955—7.

241 1204 299 1231 153
324 1201 418 1232 Lucr.
439 1201 482 1232 ib.
507 1202 661 1241 1108-9.

242 1247 301 1274 154
324 1251 439 1274 TUTOS
457 1252 598 1275 SOMNOS
623 1244 717 1275 Lucr.
739 1244 781 1275 ib.
804 1245 941 1284 982-7.

243 1290 302 1318 157
325 1294 539 1317 DEFENDIER
556 1294 567 1316 Ι
589 1285 647 1327 169
665 1297 697 1316 n.
714 1287 823 1317 duelli.
856 1294 880 1316 x
901 1286 958 1324 138
974 1296 1006 1316 n.
1026 1286 1244 1325 induperator.
1279 1285 1367 1316 Pers.

178 1337 189 1360 1
209 1331 247 1361 28
263 1329 368 1360 dicier.
397 1337 439 1359 ΙΙΙ
456 1338 497 1368 50
509 1329 637 1370 fallier.
671 1330 792 1370 Sulpie.
821 1339 857 1368 51
877 1329 1091 1360 defendier.
1125 1327 1166 1367 64
1188 1328 1363 1368 &guaz-ier.

241 1376 300 1403 159
325 1380 392 1402 IAM
418 1380 638 1403 SERPENTUM
665 1380 783 1402 MAIOR
806 1380 1018 1403 CONCORDIA
1042 1372 1160 1401 Aesch.
1181 1371 1286 1411 suppl.
1307 1369 1369 1402 226

178 1416 294 1455 ὄρνιθος
315 1415 395 1454 ὄρνις
416 1416 470 1445 οὐκ
489 1415 526 1445 οἲν
548 1415 675 1453 ἁγνεύοι
696 1416 817 1453 φαγών.
864 1425 952 1456 prov.
974 1415 1007 1444 in
1024 1413 1117 1444 Varr.
1137 1414 1158 1444 l.
1177 1414 1196 1444 l.
1219 1421 1274 1443 VII
1295 1414 1312 1451 ἓ
1330 1423 1366 1452 31

177 1459 285 1490 canis
318 1458 497 1488 caninam
520 1468 596 1488 non
619 1463 686 1489 est.
738 1459 820 1488 Hor.
848 1458 943 1498 epod.
970 1466 986 1495 7
1016 1467 1049 1487 11
1078 1466 1113 1487 12
1148 1466 1273 1497 neque
1306 1456 1369 1487 hic

178 1501 283 1542 lupis
307 1511 383 1532 mos
409 1511 479 1532 nec
511 1500 582 1532 fuit
613 1501 796 1531 leonibus
815 1499 818 1541 Ι
840 1510 1047 1541 numquam
1074 1499 1150 1530 nisi
1174 1499 1212 1529 in
1235 1498 1370 1539 dispar

177 1544 279 1576 feris.
320 1544 393 1575 Sen.
417 1542 656 1582 clem.126§4
680 1543 750 1574 illa
772 1543 938 1574 rationis
962 1542 1143 1583 expertia
1166 1547 1201 1572 et
1217 1552 1236 1572 a
1257 1541 1369 1572 nobis

178 1587 427 1618 inmanitatis
448 1587 610 1618 crimine
631 1587 814 1617 damnata
832 1586 1033 1617 abstinent
1055 1585 1135 1616 suis
1156 1589 1192 1616 et
1213 1589 1297 1615 tuta
1311 1589 1369 1614 est

177 1630 295 1661 etiam
317 1630 421 1660 inter
437 1630 538 1661 feras
558 1629 790 1660 similitudo.
824 1629 1029 1666 Plin.V11§5
1048 1633 1178 1659 cetera
1199 1627 1368 1657 animan-

177 1673 232 1704 tia
261 1673 296 1703 in
322 1683 392 1704 suo
414 1683 556 1713 genere
579 1672 700 1713 probe
730 1673 885 1712 degunt.
935 1670 1165 1711 congregari
1195 1670 1369 1700 videmus

177 1721 212 1747 et
230 1720 333 1747 stare
358 1720 494 1747 eontra
517 1715 739 1746 dissimilia.
777 1715 931 1746 leonum
948 1714 1085 1745 feritas
1108 1713 1211 1743 inter
1233 1722 1271 1743 se
1293 1722 1369 1742 non

177 1759 352 1790 dimicat.
402 1758 642 1799 serpentium
666 1768 814 1788 morsus
844 1767 917 1788 non
943 1757 1042 1797 petit
1065 1760 1277 1796 serpentes.
1324 1765 1369 1785 ne

176 1802 299 1832 maris
322 1801 479 1842 quidem
503 1801 641 1832 beluae
664 1811 706 1832 ac
732 1801 860 1841 pisces
887 1800 961 1830 nisi
985 1801 1023 1829 in
1046 1799 1202 1829 diversa
1227 1808 1369 1838 genera

176 1845 371 1876 saeviunt.
430 1849 478 1882 at,
516 1844 699 1881 Hercule,
742 1843 889 1874 homini
926 1842 1095 1883 plurima
1132 1852 1176 1871 ex
1212 1840 1369 1871 homine

177 1892 265 1918 sunt
288 1888 399 1918 mala.
444 1897 589 1927 paroem.
618 1894 629 1916 1
657 1886 719 1925 428
745 1886 887 1917 Leutsch
914 1884 996 1915 κύων
1022 1885 1108 1915 κυνὸς
1138 1882 1196 1922 οὐχ
1220 1882 1364 1914 ἅπτεται.

176 1930 281 1961 Truer
297 1930 512 1970 descriptions
528 1929 564 1960 of
586 1931 594 1945 ‘
605 1930 741 1967 Nature,
762 1929 817 1959 red
835 1929 866 1958 in
883 1928 975 1959 tooth
992 1928 1055 1958 and
1072 1927 1153 1958 claw
1165 1926 1172 1940 '
1191 1926 1224 1956 in
1242 1926 1368 1956 Erasm.

177 1973 271 2014 adag.
293 1973 416 2014 ‘pisces
437 1972 547 2013 magni
564 1972 715 2013 parvulos
730 1969 927 2002 comedunt?
973 1970 1129 2011 ‘piscium
1150 1968 1239 2000 vita.'
1285 1969 1367 1999 Hes.

176 2026 229 2057 op.
260 2015 429 2055 276—280
453 2015 508 2046 the
534 2025 593 2045 son
621 2015 658 2045 of
680 2015 812 2046 Kronos
837 2013 1014 2055 appointed
1042 2013 1106 2043 this
1133 2013 1195 2043 law
1222 2011 1271 2042 for
1294 2021 1368 2042 men

177 2057 283 2097 ἰχθύσι
306 2059 363 2095 μὲν
390 2059 441 2088 καὶ
466 2058 558 2095 θηρσὶ
585 2059 636 2087 καὶ
667 2058 782 2088 οἰωνοῖς
810 2055 988 2094 πετεηνοῖςΙ
1012 2057 1139 2086 ἔσθειν
1164 2053 1365 2092 α’λλήλους,

177 2103 244 2132 ἐπεὶ
268 2099 305 2132 ου’
318 2102 387 2138 δίκη
406 2101 494 2131 ἐστὶν
509 2102 542 2131 ἐν
558 2099 671 2136 αὐτοῖς,
694 2099 698 2141 Ι
717 2099 908 2138 ἀνθρώποισι
929 2098 954 2128 δ’
972 2099 1066 2129 ἔδωκε
1087 2099 1182 2135 δίκην,
1207 2095 1229 2134 ἢ
1249 2098 1370 2127 πολλὸν

177 2143 293 2183 ἀρίστη
311 2143 316 2185 Ι
336 2144 489 2183 γίγνεται.
539 2143 645 2174 Varro
670 2143 869 2183 Marcopolis
892 2142 928 2172 sr.
955 2142 1015 2182 289
1038 2141 1197 2172 Biicheler
1220 2140 1279 2180 quc·
1296 2144 1371 2179 pote

172 2187 248 2228 plus
275 2192 376 2227 mget,
407 2186 529 2228 piscis
552 2191 592 2217 ut
615 2196 730 2227 saepe
753 2185 923 2217 minutos
944 2183 949 2226 Ι
968 2183 1115 2225 magnu’
1147 2187 1304 2221 comest,
1334 2186 1371 2212 nt

176 2240 250 2261 aves
264 2230 367 2261 enicat
382 2230 537 2269 accz'pt'ter.
