1458 2476
169 202 218 238 34
722 185 797 222 XV

166 273 339 323 cognatis
369 271 529 309 maculis
558 271 690 309 similis
719 273 806 309 fera.
866 270 1023 319 quando
1052 269 1155 307 leoni
1278 269 1350 305 160

166 338 299 377 forti0r
326 336 464 385 eripuit
492 335 611 373 vitam
638 336 731 373 leo?
786 348 865 383 quo
893 347 1051 373 nemore
1081 346 1266 382 umquam

166 400 371 451 exspiravit
400 413 491 449 aper
519 399 672 437 maioris
702 398 882 437 dentibus
911 397 1023 448 apri?

168 465 305 503 Indica
333 464 437 513 tigris
466 464 542 513 agit
570 463 704 501 rabida
731 476 820 500 cum
849 462 986 512 tigride
1015 474 1151 510 pacem

166 537 403 579 perpetuam,
434 527 557 566 saevis
587 527 684 566 inter
712 540 752 566 se
781 526 963 565 convenit
992 526 1097 563 ursis.

168 601 225 631 ast
255 592 404 630 homini
433 593 573 630 ferrum
602 592 715 630 letale
744 591 886 629 incude
915 591 1083 628 nefanda
1281 591 1349 638 165

166 657 398 707 produxisse
426 670 562 706 parum
591 664 658 704 est,
690 670 779 694 cum
813 663 932 693 rastra
960 663 997 693 et
1026 655 1174 693 sarcula
1203 661 1352 692 tantum

167 721 318 759 adsueti
347 734 514 769 coquere
543 728 580 758 et
608 720 740 758 marris
769 733 814 757 ac
841 732 998 757 vomere
1026 719 1114 756 lassi

167 783 372 821 nescierint
400 783 513 832 primi
540 783 689 832 gladios
719 784 927 820 extendere
956 781 1061 819 fabri.

167 847 373 896 aspicimus
401 847 576 896 populos,
609 859 774 895 quorum
802 859 883 884 non
913 845 1051 884 sufficit
1080 845 1156 884 irae

168 911 356 950 occidisse
384 911 564 959 aliquem,
596 911 663 948 sed
692 917 850 959 pectora
877 909 1056 947 bracchia
1084 911 1233 947 vultum
1282 921 1353 957 170

168 975 401 1014 crediderint
429 988 550 1024 genus
579 988 661 1013 esse
691 974 776 1012 cibi.
836 973 930 1022 quid
959 973 1103 1011 diceret
1132 987 1232 1023 ergo,

168 1041 227 1078 vel
257 1052 336 1088 quo
364 1052 446 1077 non
475 1040 631 1087 fugeret,
663 1037 693 1075 si
722 1050 826 1074 nunc
854 1038 950 1074 haec
978 1045 1150 1074 monstra
1178 1036 1323 1075 videret

170 1104 416 1153 Pythagoras,
448 1102 595 1140 cunctis
624 1101 854 1139 animalibus
883 1101 1067 1139 abstinuit
1095 1101 1161 1150 qui

171 1176 369 1216 tamquam
398 1166 557 1205 homine
583 1174 621 1204 et
653 1165 775 1203 ventri
808 1165 965 1203 indulsit
996 1178 1075 1203 non
1107 1179 1223 1204 omne
1253 1166 1354 1214 legu-

274 1245 361 1270 men
377 1233 394 1268 ?

380 1328 438 1360 170
463 1317 573 1349 vultu*
591 1316 643 1358 Pl
669 1327 726 1357 174
750 1317 873 1348 homini
890 1319 922 1348 P
939 1316 943 1358 Ι
963 1317 1108 1358 legum**
1129 1319 1153 1348 P
