1458 2476
612 185 712 222 XIV
1212 196 1254 231 17

64 279 158 310 tunc
184 271 285 318 felix,
315 270 496 321 quotiens
524 270 662 320 aliquis
691 278 834 309 tortore
862 277 1003 309 vocato

63 334 184 373 uritur
211 335 360 374 ardenti
389 336 469 374 duo
497 342 654 385 propter
671 335 790 374 lintea
817 335 945 374 ferro?

63 399 158 448 quid
188 400 325 438 suadet
353 399 483 438 iuveni
511 400 633 437 laetus
663 399 824 438 stridore
853 407 1024 447 catenae,

63 474 181 510 quem
210 462 306 501 mire
334 462 520 500 adficiunt
548 462 731 512 inscripta
759 464 959 512 ergastula,
991 475 1122 501 carcer

61 524 254 564 rusticus?
281 533 472 575 expectas,
503 533 546 564 ut
574 539 654 564 non
683 526 731 564 sit
759 528 934 565 adultera
963 528 1110 576 Largae
1206 538 1250 576 25

62 590 150 637 filia,
181 603 280 639 quae
309 602 525 639 numquam
553 597 748 628 maternos
778 589 906 628 dicere
935 591 1120 629 moechos

62 663 142 693 tam
172 655 249 693 cito
278 668 351 693 nec
379 662 488 692 tanto
516 654 657 703 poterit
685 662 893 692 contexere
921 667 1046 699 cursu,

61 726 103 757 ut
132 732 211 757 non
241 727 297 758 ter
324 718 482 758 deciens
510 718 697 768 respiret?
726 717 883 756 conscia
910 717 1023 755 matri

61 784 167 833 virgo
197 783 267 822 fuit
281 798 292 831 3
320 796 426 822 ceras
455 796 561 821 nunc
588 783 663 821 hac
691 782 862 821 dictante
890 782 1048 832 pusillas

60 848 195 897 implet
215 855 252 886 et
272 848 323 885 ad
342 847 553 885 moechum
573 847 640 885 dat
659 846 807 885 eisdem
827 847 922 885 ferre
943 846 1123 885 cinaedis.
1201 860 1250 895 30

60 912 116 950 sic
145 920 280 950 natura
309 911 439 950 iubet:
468 911 639 950 velocius
669 919 706 950 et
735 911 846 949 citius
876 924 947 949 nos

60 984 311 1025 corrumpunt
339 976 519 1013 vitiorum
548 976 726 1024 exempla
755 975 979 1023 domestica,
1011 975 1160 1025 magnis

60 1053 150 1078 cum
178 1041 345 1078 subeunt
374 1039 524 1077 animos
554 1039 786 1077 auctoribus.
844 1052 944 1077 unus
973 1047 1012 1078 et
1039 1041 1135 1078 alter

57 1104 214 1143 forsitan
243 1104 340 1142 haec
368 1110 550 1152 spernant
577 1103 746 1150 iuvenes,
779 1102 919 1152 quibus
948 1110 1028 1141 arte
1057 1102 1224 1152 benigna

58 1176 96 1207 et
124 1167 284 1206 meliore
312 1167 395 1204 luto
423 1166 532 1205 finxit
559 1165 788 1216 praecordia
815 1165 932 1204 Titan
946 1180 956 1213 3
1200 1178 1246 1216 35

57 1230 126 1269 sed
154 1230 322 1279 reliquos
351 1229 534 1279 fugienda
562 1237 716 1278 patrum
745 1228 906 1278 vestigia
935 1230 1084 1267 ducunt

57 1303 94 1334 et
123 1302 336 1333 monstrata
363 1295 431 1333 diu
459 1294 596 1333 veteris
625 1293 739 1332 trahit
768 1293 893 1331 orbita
921 1294 1067 1343 culpae.

57 1359 251 1397 abstineas
280 1358 394 1408 igitur
422 1357 666 1396 damnandis.
725 1357 838 1395 huius
868 1356 973 1395 enim
1002 1358 1064 1395 vel

56 1437 136 1461 una
163 1430 303 1473 potens
331 1422 428 1461 ratio
457 1430 525 1470 est,
556 1436 606 1461 ne
635 1421 797 1460 crimina
825 1429 956 1459 nostra
984 1429 1196 1471 sequantur

55 1500 102 1526 ex
129 1487 241 1525 nobis
269 1487 398 1536 geniti,
430 1486 618 1535 quoniam
647 1485 794 1524 dociles
823 1485 1021 1523 imitandis
1197 1499 1247 1532 40

55 1550 230 1600 turpibus
259 1563 305 1588 ac
332 1550 458 1599 pravis
488 1563 623 1588 onmes
653 1563 797 1596 sumus,
829 1557 867 1587 et
896 1549 1104 1588 Catilinam

56 1627 307 1663 quocumque
334 1614 375 1651 in
403 1615 550 1663 populo
578 1613 721 1661 videas,
753 1625 1006 1663 quocumque
1035 1613 1106 1652 sub
1135 1626 1216 1661 axe,

55 1679 124 1717 sed
152 1691 226 1717 nec
254 1680 395 1716 Brutus
424 1678 505 1724 erit,
536 1677 644 1715 Bruti
673 1691 745 1716 nec
774 1679 987 1715 avunculus
1017 1691 1191 1727 usquam.

55 1743 108 1780 nil
137 1743 243 1781 dictu
271 1744 431 1781 foedum
459 1742 621 1792 visuque
649 1743 747 1780 haec
774 1742 908 1780 limina
936 1749 1078 1791 tangat,

54 1809 152 1847 intra
180 1822 280 1858 quae
299 1817 408 1859 pater
428 1817 507 1848 est·
497 1839 508 1857 ,
536 1810 680 1859 procul,
704 1823 726 1847 a
745 1810 881 1859 procul
901 1809 992 1847 inde
1012 1810 1165 1859 puellae
1195 1822 1240 1858 45

54 1873 240 1911 lenonum
269 1880 306 1911 et
335 1881 470 1911 cantus
499 1873 761 1923 pernoctantis
789 1873 968 1922 parasiti!

55 1936 223 1975 maxima
251 1937 413 1976 debetur
440 1951 561 1987 puero
589 1937 824 1976 reverentia:
853 1937 884 1976 si
914 1937 1008 1987 quid

118 2047 158 2076 24
181 2038 301 2079 scripta.
320 2039 378 2068 PS
395 2037 400 2078 1
419 2039 550 2069 carcer?
580 2038 714 2069 rusticus
741 2044 891 2079 expectas
918 2038 1101 2076 Db'derlein,
1132 2039 1237 2080 Jahn,

53 2092 167 2122 Ilerm.
209 2090 214 2132 l
261 2102 300 2132 33
324 2092 462 2122 subeunt
478 2092 636 2122 Pflerm.
655 2104 663 2123 ι
686 2092 823 2123 subeant
845 2104 868 2122 ω
883 2092 978 2133 Jahn
998 2090 1004 2134 l
1022 2093 1138 2124 animis
1154 2094 1188 2124 P
1217 2093 1220 2133 Ι

55 2155 96 2185 34
118 2150 248 2186 sperant
270 2146 322 2176 P:
359 2150 512 2187 spernant
535 2151 588 2187 pm
606 2144 672 2186 139
703 2157 761 2177 nec
789 2145 840 2187 Pl
862 2156 900 2186 45
929 2151 1020 2187 pater
1042 2147 1125 2178 PS':
1162 2157 1238 2187 puer

54 2202 85 2230 S·
105 2198 111 2241 1
128 2210 147 2230 a
166 2199 321 2231 Cramer:
345 2210 382 2231 ac
398 2201 459 2231 Ps-

161 2276 203 2302 M.
223 2276 246 2302 1.
1111 2280 1129 2303 2
