1458 2476
167 200 217 235 44
620 189 703 226 ΧΠ
759 187 899 225 39—47

233 277 272 305 39
299 281 524 304 PURPUREAM
544 281 555 304 1
575 280 613 312 27
631 284 661 305 n.

233 324 389 347 TENmus
414 323 701 348 MAECENATIBUS
729 324 741 348 1
767 316 807 349 66
832 328 863 348 n.
910 318 1006 349 Mart.
1028 325 1052 348 X
1071 326 1109 358 73
1127 328 1209 359 2—4
1229 318 1270 351 he
1292 319 1357 351 had

166 360 315 390 received
339 369 374 390 as
399 368 418 389 a
441 364 571 399 present
594 360 760 391 Ausoniae
788 361 872 391 dona
901 360 1032 400 superba
1062 365 1154 401 togae,
1178 359 1181 401 Ι
1202 373 1266 402 qua
1292 373 1357 393 non

167 400 345 439 Ειύνίῐῑίω,
365 401 421 432 scd
432 402 522 431 vellet
537 402 671 442 Apicius
686 403 742 439 uli,
765 401 768 443 Ι
789 404 878 433 vellet
903 404 1115 434 Maecenas
1142 405 1359 436 Caesarianus

166 455 263 485 eques.
311 445 385 475 Sen.
407 454 457 484 ep.
481 453 520 485 92
540 445 556 482 ἓ
579 453 617 483 35
641 445 756 476 diserte
776 446 984 477 Maecenas
1004 446 1073 476 ait:
1101 447 1169 476 ‘nec
1192 447 1358 478 tumulum

166 497 259 518 curo:
275 487 381 527 sepelit
391 491 513 517 natm-a
523 486 666 517 relictos?
689 488 751 518 alte
759 489 898 519 cinctum
903 493 994 528 putes
1004 489 1126 519 dzzrisse.
1151 489 1263 520 lzabm't
1272 490 1357 520 enim

167 530 339 570 z'ngcm'mn
355 533 384 559 ct
393 530 520 569 grande
534 534 563 560 et
577 530 682 568 virile,
703 531 770 561 nisi
789 531 875 561 illud
893 532 1028 561 secunda
1055 531 1356 564 discinxissent.

229 575 269 602 41
294 580 405 603 PECUS
433 572 545 603 ‘other
570 573 673 610 amre,
705 573 790 613 dyed
820 584 862 604 on
894 574 948 604 the
974 573 1100 615 sheep’s
1124 574 1210 605 back
1234 575 1277 615 by
1303 575 1357 606 the

166 619 280 646 nature
306 614 344 645 of
364 615 418 645 the
442 614 608 655 herbage.’
667 617 778 655 Ipsum
803 617 935 646 veslz'zcm
955 621 1051 656 pecus
1077 617 1132 648 the
1158 627 1235 658 very
1258 618 1357 658 sheep

167 658 237 688 that
253 657 341 698 yield
359 658 412 688 the
428 658 527 688 eloth.
575 658 647 688 The
662 664 809 699 pastures
828 670 882 689 are
901 659 956 689 the
980 659 1084 690 banks
1109 659 1146 690 of
1168 660 1223 691 the
1248 660 1358 691 Baetis

170 700 450 741 (Guadalquivir).
490 701 587 731 Mart.
600 709 662 730 XIV
681 711 738 741 133
754 704 760 718 ‘
775 701 924 732 lacernae
935 700 1100 732 Baeticae’
1111 712 1185 733 non
1200 707 1255 734 est
1268 703 1359 734 lana

166 743 263 774 mihi
287 743 464 780 mendax,
487 754 556 774 nec
580 748 708 774 mutor
733 742 945 780 aeno3152‘c
962 744 1115 783 placeant
1139 746 1278 784 Tym'am
1300 756 1358 776 me

166 796 250 817 mea
274 785 399 817 tinxit
430 786 523 816 ovis.
586 793 624 816 ix
648 785 685 817 61
714 795 794 825 3—5
823 797 886 827 qna
908 787 992 816 dives
1012 787 1180 826 placidum
1211 788 1358 819 Corduba

167 828 307 859 Baetin
344 833 443 864 amat,
465 826 468 868 Ι
490 828 645 859 vellera
681 829 820 859 nativo
858 829 1014 868 pallent
1051 829 1116 860 ubi
1154 829 1258 861 flava
1286 841 1357 861 me-

167 871 279 907 tallo,
300 869 302 910 Ι
325 875 360 901 et
384 871 479 901 linit
508 871 745 911 Hesperium
772 871 927 902 brattea
954 871 1045 902 viva
1071 882 1201 912 pecus.
1247 881 1300 903 X11
1317 872 1356 913 63

168 923 249 952 3-5
267 913 304 944 of
316 913 470 944 Corduba
485 913 554 943 albi
567 924 645 954 quae
660 919 791 953 superas
804 925 872 944 oves
887 914 1022 951 Galaesi,
1047 914 1050 954 Ι
1071 925 1092 944 n
1102 915 1184 945 ullo
1210 916 1358 947 murice

167 967 237 988 nee
260 967 396 987 cruore
421 956 596 993 mendax,
617 956 621 997 Ι
642 957 707 987 sed
728 956 867 987 tinctis
887 957 1072 997 gregibus
1096 958 1232 989 colore
1256 959 1356 989 vivo.

231 1007 297 1030 SED
315 1007 360 1029 ET
377 1006 446 1029 XIII
469 1009 524 1029 102
543 1009 573 1029 Π.

231 1045 270 1072 43
294 1049 460 1072 MITTERE
482 1042 566 1072 Hor.
584 1051 610 1072 c.
636 1049 680 1072 ΙΙΙ
706 1052 745 1081 24
769 1050 897 1081 47-50
916 1042 967 1072 vel
986 1053 1042 1072 nos
1062 1042 1101 1073 in
1124 1054 1227 1074 mare
1245 1044 1356 1084 proxi-

167 1095 258 1115 mum
278 1082 282 1125 Ι
299 1094 442 1124 getmnas
456 1088 485 1114 et
500 1084 627 1124 lapides,
648 1095 769 1115 aurum
785 1089 814 1114 ct
829 1085 945 1115 inutile
964 1083 967 1125 Ι
992 1085 1182 1116 ...mittam
1190 1097 1241 1117 us.

230 1131 271 1158 44
294 1135 510 1157 PARTHENIO
539 1127 641 1158 schol.
669 1127 852 1158 ‘caelatoris
883 1127 1025 1158 nomeu.’
1072 1128 1128 1159 He
1158 1134 1242 1159 must
1273 1128 1357 1159 have

167 1170 251 1201 been
274 1180 293 1200 a
316 1169 533 1205 silver-smith‚
562 1180 597 1199 as
619 1170 724 1200 lances
747 1170 811 1200 and
833 1175 957 1200 cratera
980 1181 1033 1200 are
1060 1170 1093 1200 in
1115 1171 1301 1211 apposition
1324 1176 1358 1202 to

168 1217 346 1253 mgentmn.
413 1212 625 1243 Friedl'ander
655 1212 815 1243 identifies
841 1213 908 1243 him
940 1213 1019 1243 with
1051 1213 1105 1243 the
1136 1214 1358 1244 chamberlain

168 1256 232 1286 and
259 1255 424 1285 murderer
449 1255 486 1286 of
507 1254 686 1287 Domitian.
746 1255 921 1286 Parthenio
947 1255 1056 1286 dative
1088 1256 1208 1296 Zumpt
1235 1258 1252 1294 ἓ
1282 1266 1356 1297 419.

170 1298 307 1338 Madvig
323 1300 339 1336 ἕ
357 1308 418 1338 350
434 1308 462 1329 a.

234 1349 361 1371 URNAE
380 1351 418 1380 24
434 1340 577 1378 sextarii,
599 1340 709 1380 nearly
727 1348 742 1378 3
760 1340 897 1380 gallons.

232 1387 271 1414 45
294 1391 463 1413 CRATERA
480 1391 629 1413 DIGNUM
654 1391 826 1413 SITIENTE
850 1390 970 1413 PHOLO
995 1383 1133 1414 Stesich.
1156 1382 1192 1414 sr.
1215 1390 1230 1421 7
1249 1384 1357 1425 Bergk

169 1427 343 1464 σκύπφειον
368 1427 399 1455 δὲ
425 1427 532 1465 λαβὼν
554 1426 648 1456 δέπας
672 1427 823 1464 ἔμμετρον
848 1426 886 1456 ὡς
911 1427 1097 1464 τριλάγυνον
1117 1424 1121 1467 Ι
1143 1428 1212 1456 πῖεν
1227 1427 1356 1465 ἐπισχό-

168 1480 266 1506 μενος,
295 1469 331 1498 τό
358 1469 397 1507 ῥά
421 1469 448 1498 οἱ
475 1469 632 1507 παρέθηκε
655 1469 754 1498 Φόλος
779 1468 921 1507 κεράσας.
967 1468 1110 1499 Theokr.
1139 1476 1177 1499 VI
1207 1478 1265 1509 149
1299 1479 1358 1508 150

169 1512 271 1542 schol.
290 1510 351 1548 ἆρά
366 1511 406 1549 ’γέ
423 1522 468 1549 πᾳ
483 1511 599 1541 τοιόνδε
616 1511 708 1541 Φόλω
725 1511 806 1541 κατὰ
822 1512 927 1541 λάϊνον
946 1511 1055 1548 ἄντρον
1073 1509 1076 1551 Ι
1099 1510 1223 1551 κρητῆρ’
1237 1512 1357 1552 “Ηρακ-

169 1556 227 1591 λῆϊ
245 1555 345 1592 ’γέρων
369 1554 530 1583 ἐστάσατο
554 1554 694 1593 Χείρων;
741 1554 820 1585 Stat.
842 1553 905 1583 Th.
924 1561 952 1584 11
971 1552 1030 1593 563
1049 1552 1110 1593 564
1125 1554 1231 1594 qualis
1251 1554 1287 1585 in
1303 1556 1357 1585 ad-

169 1607 272 1627 versos
294 1596 452 1636 Lapl'llzas
473 1597 570 1626 erexit
592 1596 725 1626 inanem
745 1594 748 1636 Ι
770 1597 1003 1636 magnanimus
1023 1602 1177 1627 cratera
1199 1597 1354 1628 Pholus.

170 1640 242 1670 VF.
262 1647 274 1670 1
293 1650 310 1679 3
315 1648 352 1678 37
373 1640 432 1679 338
448 1639 640 1679 szgtzffel'zttlz
658 1643 812 1670 cratera
827 1639 1006 1669 minantem
1026 1639 1030 1680 Ι
1052 1649 1117 1669 non
1132 1640 1246 1670 leviore
1265 1640 1358 1671 Pho-

169 1683 246 1713 lum
265 1692 383 1712 manus
398 1683 472 1712 llaec
486 1682 671 1721 compescuit
685 1692 775 1712 auro.

235 1732 401 1755 CONIUGE
424 1731 527 1755 FUSCI
551 1725 652 1755 schol.
677 1725 823 1755 ‘ebriosa
840 1722 922 1755 fuit.'
967 1732 1006 1754 VI
1023 1733 1082 1764 425
1102 1723 1165 1763 426
1190 1725 1248 1755 illa
1273 1725 1361 1755 venit

171 1767 398 1803 rubicundum,
415 1771 514 1797 totum
535 1765 538 1807 Ι
559 1767 768 1807 oenophorum
784 1767 901 1805 sitiens,
914 1767 1013 1807 plena
1034 1767 1119 1808 quod
1137 1768 1282 1798 tenditur
1297 1779 1357 1798 ur-

172 1821 234 1841 na.
280 1810 313 1840 A
330 1809 453 1840 Fuscus
470 1817 534 1839 ΧΠ
553 1809 602 1845 46.

235 1856 274 1883 46
299 1859 505 1883 BASCAUDAS
522 1852 623 1882 schol.
644 1853 652 1867 ‘
665 1862 749 1888 vasa,
770 1852 825 1882 ubi
848 1851 965 1883 calices
988 1852 1180 1883 lavabantur
1195 1853 1247 1884 vel
1267 1863 1358 1884 caca-

171 1895 253 1927 bus.’
300 1895 370 1926 Our
399 1895 509 1924 basket.
556 1895 655 1925 Mart.
674 1903 739 1925 XIV
764 1905 805 1936 99
834 1895 972 1925 barbam
996 1895 1034 1925 de
1055 1896 1151 1935 pictis
1174 1896 1250 1927 veni
1273 1896 1357 1927 bas-

172 1938 297 1970 cauda'
310 1937 507 1968 Britannis:
526 1936 529 1977 Ι
549 1938 603 1967 secl
616 1949 664 1968 me
678 1939 743 1967 iam
762 1938 886 1968 mavult
900 1938 998 1968 dicere
1012 1939 1116 1968 Roma
1131 1949 1236 1969 suam.

237 1987 390 2011 ESCARIA
405 1980 470 2020 dig.
491 1987 609 2010 XXXIV
627 1990 643 2010 ‘2
666 1989 702 2020 19
718 1982 734 2018 ἓ
754 1991 789 2011 12
806 1980 905 2010 sicui
926 1991 963 2011 es
976 1980 1129 2011 carium
1153 1986 1358 2021 argentum

172 2025 310 2064 legalztm
326 2023 376 2060 sit,
397 2023 434 2052 id
444 2022 546 2053 solum
568 2023 731 2060 debebitur,
751 2023 836 2063 quod
847 2023 893 2053 ad
904 2023 1100 2063 epulandum
1123 2023 1160 2054 in
1183 2023 1359 2055 ministerio

173 2066 293 2104 habuit,
314 2066 351 2096 id
362 2069 413 2103 est,
433 2065 480 2095 ad
491 2076 576 2095 esum
593 2070 621 2095 et
628 2070 752 2106 polum.

236 2112 276 2139 47
299 2116 453 2139 CAELATI
470 2115 481 2138 1
501 2106 539 2147 76
555 2118 585 2138 n.

239 2158 399 2182 BIBERAT
414 2158 490 2187 QUO
507 2158 533 2180 11
551 2160 589 2192 95
608 2150 734 2182 vitreo
750 2151 861 2183 bibat
877 2151 930 2182 ille
946 2151 1098 2192 Priapo.
1118 2159 1141 2182 x
1160 2160 1209 2191 ²5·
1256 2152 1353 2193 Verg.

174 2206 205 2237 g.
226 2193 333 2233 11506
350 2197 386 2224 ut
400 2204 552 2234 gemma
570 2193 692 2225 bibat.
