1458 2476
195 176 242 211 32
751 162 828 199 XV

194 254 232 284 et
252 258 329 284 sua
370 243 550 294 quisnam
565 243 770 282 hominum
785 244 938 282 veniam
955 245 1046 283 dare
1067 244 1199 294 quisve
1216 245 1378 283 deorum

195 308 384 347 ventribus
415 309 603 346 abnueret
634 308 716 346 dira
747 316 863 357 atque
896 308 1068 346 inmania
1097 308 1218 358 passis

195 380 234 410 et
268 372 409 421 quibus
442 371 595 410 illorum
628 380 808 421 poterant
840 372 1040 422 ignoscere
1070 385 1216 419 manes,
1306 383 1375 421 105

196 449 362 485 quorum
396 436 621 486 corporibus
653 438 941 475 vescebantur?
995 436 1132 474 melius
1166 448 1237 474 nos

196 499 364 538 Zenonis
384 507 590 549 praecepta
610 507 790 546 monent3
810 513 883 538 nec
904 499 1007 537 enim
1027 499 1168 546 omnia,
1187 498 1379 547 quaedam

194 577 266 613 pro
297 564 374 602 vita
407 564 584 601 facienda
616 571 769 613 putant:
809 565 877 602 sed
908 564 1103 602 Cantaber
1131 563 1235 601 unde

195 625 351 673 stoicus,
387 626 536 675 antiqui
568 626 793 676 praesertim
825 634 951 664 aetate
985 626 1164 664 Metelli?
1309 639 1380 673 109

195 703 300 728 nunc
328 698 432 728 totus
461 690 596 729 Graias
625 698 852 740 nostrasque
884 691 1002 728 habet
1035 691 1137 729 orbis
1166 691 1351 737 Athenas,

196 755 323 793 Gallia
355 755 571 793 causidicos
603 755 736 793 docuit
766 756 935 793 facunda
966 755 1183 802 Britannos,

194 821 244 858 de
282 821 544 858 conducendo
574 819 742 868 loquitur
775 819 851 857 iarn
884 820 1036 857 rhetore
1069 820 1205 868 Thyle.

195 884 336 923 nobilis
366 884 428 921 ille
458 892 589 922 tamen
618 885 796 933 populus,
829 897 946 933 quem
976 883 1155 931 diximus,
1186 890 1224 922 et
1251 896 1320 932 par

195 949 333 987 virtute
368 957 484 998 atque
515 950 604 996 fide,
638 949 707 986 sed
736 949 857 986 maior
890 949 1011 994 clade,
1043 949 1273 998 Zagynthos‚

195 1014 272 1052 tale
306 1013 401 1062 quid
432 1021 615 1053 excusat:
656 1013 857 1051 Maeotide
891 1012 1041 1051 saevior
1074 1026 1139 1050 ara
1310 1023 1378 1061 1¹5

196 1079 406 1127 Aegyptos.
465 1078 609 1127 quippe
642 1077 707 1115 illa
737 1076 895 1115 nefandi
927 1076 1093 1114 Taurica
1127 1076 1222 1114 sacri

196 1142 387 1180 inventrix
418 1142 695 1179 homines—ut
725 1141 802 1178 iam
833 1154 934 1190 quae
967 1140 1138 1179 carmina
1170 1141 1328 1178 tradunt

197 1205 315 1255 digna
348 1206 424 1243 fide
458 1205 801 1242 credas—tantum
834 1204 1020 1251 immolat,
1053 1203 1212 1241 ulterius
1242 1203 1297 1240 nil

195 1275 263 1305 aut
295 1267 447 1316 gravius
481 1268 605 1305 cultro
635 1267 746 1304 timet
778 1266 913 1304 hostia.
973 1266 1059 1315 quis
1090 1267 1210 1304 modo
1241 1279 1353 1303 casus

196 1332 335 1381 inpulit
356 1332 456 1370 hos?
511 1344 611 1381 quae
631 1338 739 1369 tanta
759 1331 880 1368 fames
901 1330 1117 1379 infestaque
1137 1331 1238 1368 vallo
1311 1344 1381 1367 120

198 1410 304 1435 arma
334 1404 544 1446 coegerunt
576 1404 655 1433 tam
686 1395 914 1433 detestabile
949 1402 1168 1433 monstrum

196 1463 370 1500 audere?
425 1475 526 1500 anne
560 1461 674 1498 aliam
705 1468 805 1498 terra
838 1459 1099 1509 Memphitide
1133 1459 1236 1498 sicca

197 1524 384 1563 invidiam
417 1526 586 1563 facerent
618 1524 766 1562 nolenti
797 1535 949 1573 surgere
981 1523 1104 1561 Nilo?

197 1603 275 1639 qua
304 1603 377 1628 nec
410 1590 596 1628 terribiles
631 1588 779 1628 Cimbri
812 1602 885 1626 nec
918 1588 1098 1626 Britones
1127 1600 1313 1637 umquam

197 1659 527 1704 Sauromataeque
561 1662 688 1693 truces
722 1661 787 1691 aut
817 1653 1006 1690 immanes
1036 1651 1253 1701 Agathyrsi,
1308 1662 1377 1699 125

196 1724 270 1760 hac
301 1722 420 1760 saevit
453 1720 558 1758 rabie
592 1720 734 1758 inbelle
769 1726 806 1756 et
840 1717 974 1755 inutile
1004 1718 1151 1766 vulgus,

197 1787 356 1836 parvula
386 1785 566 1823 fictilibus
598 1784 755 1822 solitum
790 1784 880 1821 dare
912 1783 998 1820 vela
1026 1780 1194 1831 phaselis

198 1858 236 1889 et
266 1850 446 1888 brevibus
482 1849 608 1899 pictae
639 1848 753 1886 remis
787 1847 1012 1885 incumbere
1043 1852 1174 1883 testae.

198 1928 271 1953 nec
302 1927 470 1964 poenam
497 1913 632 1951 sceleri
664 1911 848 1958 invenies,
886 1923 959 1948 nec
989 1909 1107 1958 digna
1139 1908 1291 1958 parabis

199 1978 388 2028 supplicia
407 1977 465 2015 his
486 1977 650 2027 populis,
669 1976 708 2013 in
729 1988 894 2024 quorum
914 1980 1044 2011 mente
1064 1985 1173 2022 pares
1194 1978 1283 2009 sunt
1308 1984 1378 2019 130

198 2051 237 2082 et
267 2042 411 2081 similes
446 2042 501 2080 ira
533 2049 650 2090 atque
684 2042 815 2078 sames.
874 2036 1101 2076 mollissima
1121 2036 1240 2074 corda

266 2138 324 2166 104
348 2128 513 2158 ventribus
537 2126 583 2157 H.
620 2125 783 2156 mzlesius:
813 2124 934 2154 viribus
961 2124 1015 2154 Ρω
1036 2122 1040 2164 l
1065 2133 1120 2154 112
1145 2122 1210 2153 iam
1233 2132 1293 2152 om.
1323 2122 1353 2151 P
1372 2119 1376 2160 Ι

205 2191 261 2221 ¹²4
287 2182 434 2213 Bistones
452 2184 481 2213 S*
497 2181 671 2213 Hermann
693 2178 696 2219 Ι
721 2188 774 2219 13¹
801 2178 907 2219 adque
926 2178 956 2208 P
