1458 2476
617 191 723 227 xm
1226 201 1265 238 [5

83 283 120 314 te
148 275 252 314 videt
281 275 319 313 in
349 276 517 314 somnis:
546 284 612 314 tua
640 290 746 314 sacra
775 283 812 315 et
840 276 962 314 maior
989 276 1118 325 imago

82 341 252 378 humana
281 341 407 378 turbat
435 340 620 390 pavidum
650 340 830 389 cogitque
859 340 976 378 fateri.

81 404 121 442 hi
150 413 249 453 sunt,
282 406 348 455 qui
377 405 571 454 trepidant
601 413 638 444 et
668 406 717 443 ad
747 405 879 443 omnia
907 406 1056 454 fulgura
1083 405 1239 454 pallent,

81 482 171 506 cum
200 476 319 516 tonat,
350 469 545 508 exanimes
574 469 700 519 primo
731 482 888 519 quoque
917 482 1112 507 murmure
1146 468 1268 515 caeli;

81 546 161 571 non
190 532 299 582 quasi
328 533 504 571 fortuitus
534 546 607 571 nec
634 540 839 571 ventorum
867 533 983 580 rabie,
1013 535 1082 572 sed
1194 544 1264 582 225

80 597 196 635 iratus
226 598 338 635 cadat
366 597 405 634 in
434 605 550 635 terras
580 605 617 636 et
645 597 815 636 vindicet
844 597 950 647 ignis.

80 660 145 699 illa
173 661 267 699 nihil
296 661 439 709 nocuit,
472 675 563 699 cura
590 661 764 710 graviore
794 661 950 699 timetur

79 726 253 775 proxima
280 734 500 775 tempestas,
531 727 635 764 velut
664 727 740 764 hoc
769 726 887 764 dilata
915 739 1061 764 sereno.

79 799 275 839 praeterea
303 791 429 829 lateris
459 791 561 840 vigili
590 805 680 829 cum
709 792 813 830 febre
842 792 1018 830 dolorem

80 855 111 893 si
139 868 302 904 coepere
330 855 419 904 pati⁷
451 855 611 893 missum
640 856 688 893 ad
717 869 786 893 sua
809 869 971 905 corpora
990 856 1169 894 morbum
1193 870 1210 892 2
1218 870 1266 904 30

79 919 218 957 infesto
248 920 410 957 credunt
439 932 461 957 a
489 919 658 967 numine,
691 932 780 957 saxa
809 921 971 958 deorum

78 984 175 1021 haec
204 991 241 1021 et
269 985 344 1021 tela
371 991 520 1032 putant.
577 984 769 1032 pecudem
798 985 991 1033 spondere
1020 986 1161 1023 sacello

77 1048 272 1085 balantem
302 1055 339 1086 et
369 1047 530 1085 Laribus
559 1048 712 1085 cristam
740 1048 964 1097 promittere
991 1049 1080 1098 galli

77 1125 156 1150 non
185 1113 330 1150 audent
344 1126 354 1159 3
383 1111 477 1160 quid
506 1112 609 1150 enim
639 1125 790 1161 sperare
819 1113 1049 1152 nocentibus
1077 1115 1198 1165 aegris

77 1179 335 1215 concessum?
364 1177 424 1215 vel
454 1189 554 1225 quae
584 1190 663 1215 non
693 1177 844 1226 dignior
873 1178 998 1216 hostia
1025 1179 1133 1217 vita?
1190 1193 1234 1228 23
1243 1192 1261 1230 5

76 1240 230 1279 mobilis
260 1248 297 1279 et
325 1240 429 1279 varia
458 1249 515 1279 est
544 1242 664 1280 ferme
693 1249 829 1280 natura
857 1244 1056 1281 malorum.

77 1319 166 1343 cum
196 1306 319 1343 scelus
349 1304 570 1353 admittunt,
603 1313 775 1355 superest
804 1307 1045 1355 constantia;
1074 1307 1168 1357 quid
1198 1309 1252 1346 fas

75 1375 192 1417 atque
221 1370 337 1416 nefas,
369 1369 528 1406 tandem
558 1368 747 1418 incipiunt
775 1370 916 1408 sentire
943 1371 1107 1420 peractis

76 1432 307 1470 criminibus.
367 1439 497 1471 tamen
526 1433 577 1470 ad
605 1446 732 1471 mores
761 1442 897 1471 natura
924 1435 1081 1473 recurrit

76 1498 292 1545 damnatos,
323 1498 398 1535 fixa
427 1504 464 1535 et
492 1497 631 1535 mutari
659 1498 798 1537 nescia.
857 1512 947 1536 nam
978 1500 1062 1548 quis
1189 1514 1262 1547 240

74 1560 264 1610 peccandi
293 1562 411 1599 finem
439 1561 568 1610 posuit
597 1562 698 1599 sibi?
725 1564 883 1612 quando
912 1564 1056 1613 recepit

75 1625 241 1663 eiectum
271 1626 390 1663 semel
419 1625 546 1663 attrita
574 1627 624 1664 de
653 1627 777 1665 fronte
806 1628 1015 1666 ruborem?

75 1689 254 1738 quisnam
275 1690 479 1728 hominum
500 1698 567 1737 est,
586 1703 704 1739 quem
720 1699 761 1729 tu
778 1699 1006 1730 contentum
1026 1693 1164 1732 videris
1182 1707 1260 1732 uno

74 1753 246 1803 flagitio?
273 1754 381 1792 dabit
409 1755 448 1792 in
477 1756 661 1804 laqueum
690 1756 848 1806 vestigia
876 1765 1006 1796 noster

73 1820 241 1867 perfidus
270 1826 308 1857 et
336 1819 432 1869 nigri
460 1820 627 1870 patietur
655 1821 815 1859 carceris
844 1835 990 1859 uncum
1185 1835 1255 1873 245

74 1889 140 1920 aut
167 1882 280 1921 maris
309 1883 455 1932 Aegaei
483 1896 619 1932 rupem
649 1885 909 1934 scopulosque
938 1886 1157 1934 frequentes

75 1947 248 1985 exulibus
276 1947 437 1997 magnis.
494 1961 623 1997 poena
649 1948 836 1997 gaudebis
865 1962 995 1987 amara

74 2011 241 2050 nominis
269 2011 390 2060 invisi,
422 2013 661 2062 tandemque
689 2013 857 2052 fatebere
885 2015 1018 2062 laetus,

74 2089 148 2115 nec
175 2077 334 2114 surdum
363 2090 436 2115 nec
464 2077 638 2116 Tiresian
668 2091 905 2128 quemquam
934 2092 1018 2118 esse
1046 2080 1219 2118 deorum.

138 2171 197 2201 225
223 2164 295 2195 abie
321 2163 373 2204 ΡΙ
396 2162 457 2196 226
480 2170 565 2196 terra
587 2166 644 2196 sed
666 2166 700 2196 P
713 2164 718 2206 1
738 2166 881 2197 vindicet
904 2169 934 2197 S·
955 2167 1086 2197 Servius
1111 2168 1194 2198 Aen.
1220 2176 1257 2198 1v

76 2225 147 2257 209.
165 2223 204 2245 VI
225 2224 305 2256 179:
329 2216 449 2248 iudicet
465 2218 519 2248 P«,
538 2221 543 2256 Ι
564 2227 623 2258 237
648 2219 726 2259 quid
743 2222 794 2250 S':
818 2219 905 2259 quod
924 2220 977 2249 Ρω
