1458 2476
598 194 706 231 XIII
1209 205 1250 228 11

71 280 278 330 praecedit,
309 281 458 318 trahere
487 279 607 318 immo
636 281 736 318 ultro
766 293 811 318 ac
840 292 978 317 vexare
1007 286 1171 328 paratus.

71 358 162 383 nam
191 358 282 382 cum
312 357 453 394 magna
480 345 604 382 malae
633 351 807 393 superest
836 343 999 381 audacia
1027 355 1177 388 causae,

71 409 240 447 creditur
267 422 291 446 a
319 408 449 446 multis
478 408 631 446 fiducia.
689 407 853 445 mimum
882 407 961 456 agit
989 407 1063 454 ille,
1180 420 1253 443 110

71 472 206 511 urbani
235 473 391 522 qualem
420 471 600 521 fugitivus
629 484 758 509 scurra
787 471 929 510 Catulli
938 485 948 518 3

72 545 113 575 tu
142 537 258 575 miser
285 538 487 584 exclamas,
518 543 561 573 ut
588 537 768 574 Stentora
795 536 948 574 vincere
976 535 1112 584 possis,

71 602 132 639 vel
159 600 288 650 potius
317 607 506 649 quantum
537 599 728 637 Gradivus
759 599 994 637 Homericus
1026 598 1169 643 ‘audis,

70 664 255 714 Iuppiter,
285 665 393 710 haec,
423 677 497 701 nec
525 664 631 701 labra
658 676 802 710 moves,
825 676 915 700 cum
940 662 1091 700 mittere
1117 676 1253 701 vocem

72 729 250 768 debueris
278 730 339 767 vel
368 741 606 766 marmoreus
635 729 695 766 vel
724 730 897 766 aeneus?
950 735 1017 765 aut
1045 741 1114 765 cur
1181 739 1250 777 115

68 794 107 831 in
136 794 304 831 carbone
333 800 401 830 tuo
429 793 561 830 charta
589 791 652 841 pia
679 800 764 830 tura
792 793 919 830 soluta

68 858 250 907 ponimus
278 865 316 895 et
344 864 494 895 sectum
521 856 631 894 vituli
659 856 765 894 iecur
792 857 958 906 albaque
985 856 1093 906 porci

69 924 254 960 omenta?
300 930 342 960 ut
369 922 496 967 video,
527 922 677 958 nullum
705 920 912 959 discrimen
941 922 1166 959 habendum
1197 928 1253 959 est

69 987 211 1036 effigies
241 987 340 1024 inter
366 994 510 1024 vestras
538 993 784 1034 statuamque
812 985 988 1034 Vagelli.⁷

120 1051 278 1099 Accipe,
309 1063 409 1099 quae
438 1057 573 1087 contra
599 1051 726 1087 valeat
755 1050 898 1087 solacia
926 1051 1021 1087 ferre
1179 1063 1251 1087 120

68 1123 106 1154 et
135 1115 200 1164 qui
230 1127 302 1152 nec
331 1114 487 1163 cynicos
515 1127 589 1151 nec
618 1113 741 1152 stoica
769 1115 954 1163 dogmata
982 1114 1074 1163 legit

67 1192 89 1216 a
118 1178 261 1228 cynicis
289 1178 421 1216 tunica
448 1177 640 1225 distantia,
672 1190 752 1215 non
783 1177 995 1227 Epicurum

66 1242 224 1292 suspicit
253 1242 378 1292 exigui
406 1243 550 1279 laetum
579 1242 816 1291 plantaribus
845 1242 956 1280 horti.

67 1313 249 1343 curentur
276 1304 384 1343 dubii
413 1304 573 1342 medicis
602 1304 811 1342 maioribus
841 1304 955 1354 aegri,

66 1379 108 1408 tu
136 1383 276 1408 venam
303 1371 364 1408 vel
393 1369 584 1418 discipulo
613 1368 814 1407 committe
844 1368 1023 1418 Philippi.
1177 1381 1247 1418 125

65 1435 96 1473 si
125 1437 276 1473 nullum
305 1435 345 1472 in
373 1435 480 1472 terris
510 1442 589 1472 tam
619 1434 846 1472 detestabile
875 1436 1020 1472 factum

65 1499 248 1547 ostendis,
281 1507 392 1537 taceo
421 1512 494 1536 nec
522 1498 661 1548 pugnis
690 1499 854 1537 caedere
882 1506 1018 1548 pectus

64 1572 103 1602 te
131 1572 220 1603 veto
247 1577 321 1602 nec
349 1565 464 1614 plana
491 1564 630 1602 faciem
659 1564 899 1602 contundere
928 1565 1057 1613 palma
1066 1576 1077 1609 3

64 1628 386 1677 quandoquidem
414 1635 576 1676 accepto
605 1629 824 1665 claudenda
851 1635 908 1666 est
936 1628 1052 1666 ianua
1080 1629 1225 1666 damno

65 1702 102 1732 et
130 1694 276 1732 maiore
304 1695 445 1732 domus
473 1693 630 1742 gemitu,
662 1693 806 1731 maiore
835 1695 1004 1732 tumultu
1176 1709 1248 1744 130

63 1760 300 1808 planguntur
327 1758 478 1796 nummi
506 1771 624 1807 quam
653 1759 797 1796 funera.
854 1771 973 1797 nemo
1002 1759 1177 1797 dolorem

65 1822 174 1872 fingit
201 1822 242 1860 in
269 1823 346 1860 hoc
374 1835 478 1867 casu,
506 1829 655 1860 vestem
684 1821 868 1860 diducere
895 1835 1089 1860 summam

65 1894 284 1933 contentus,
313 1900 452 1925 vexare
482 1888 615 1924 oculos
644 1899 779 1924 umore
808 1894 965 1926 coacto:

63 1951 236 1998 ploratur
263 1950 429 1988 lacrimis
458 1951 598 1989 amissa
626 1951 792 2000 pecunia
818 1952 927 1990 veris.

64 2015 131 2052 sed
161 2014 192 2052 si
220 2022 361 2053 cuncta
387 2015 495 2053 vides
524 2015 638 2053 simili
666 2017 748 2054 fora
775 2017 890 2065 plena
918 2019 1098 2067 querella7
1175 2031 1244 2068 135

63 2079 95 2117 si
124 2079 280 2117 deciens
308 2080 416 2118 lectis
446 2080 597 2119 diversa
624 2088 732 2130 parte
760 2081 910 2120 tabellis

63 2160 256 2192 confirmant
286 2161 361 2193 Pw:
403 2161 598 2193 confirmans
634 2162 748 2192 llerm.
771 2160 776 2203 1
795 2172 832 2194 ac
862 2163 997 2194 delubra
1018 2162 1074 2205 P}
1096 2174 1153 2204 124
1177 2176 1246 2196 cur-

63 2220 172 2246 rentur
186 2216 220 2245 P
