1458 2476
158 146 181 181 8
689 148 795 184 ΧΙΙΙ

158 243 258 280 quae
286 237 366 268 tam
394 231 491 268 festa
520 231 613 279 dies,
642 239 684 270 ut
713 240 837 271 cesset
865 234 1027 283 prodere
1055 234 1189 281 furem,

157 297 358 345 perfidiam
387 298 538 335 fraudes
567 305 683 346 atque
711 298 818 336 omni
848 311 896 336 ex
924 298 1082 335 crimine
1112 300 1261 336 lucrum

156 361 372 411 quaesitum
401 369 439 400 et
467 369 595 411 partos
623 363 751 412 gladio
779 364 839 401 vel
867 363 1007 412 pyxide
1036 367 1244 403 nummos?
1283 378 1327 415 25

156 425 227 462 rari
255 425 399 474 quippe
427 425 531 471 boni,
567 439 730 464 numero
761 427 824 464 vix
857 435 945 464 sunt
977 427 1140 465 totidem
1174 436 1268 477 quot

156 489 378 527 Thebarum
408 498 544 539 portae
577 492 637 528 vel
671 491 798 529 divitis
832 491 929 529 ostia
960 492 1055 529 Nili.

158 566 261 591 nona
293 561 397 592 aetas
429 553 554 603 agitur
584 554 793 604 peioraque
826 556 978 593 saecula
1010 555 1094 593 ferri

157 617 406 665 temporibus,
441 630 606 666 quorum
640 619 774 656 sceleri
807 632 886 656 non
919 618 1064 657 invenit
1092 621 1174 669 ipsa

158 692 301 717 nornen
331 687 370 718 et
402 693 424 717 a
454 681 561 718 nullo
596 682 724 730 posuit
758 689 894 719 natura
924 683 1094 720 metallo.
1283 698 1331 733 30

157 757 227 782 nos
258 745 459 783 hominum
493 745 704 795 divumque
735 748 852 784 fidem
884 749 1052 786 clamore
1084 748 1241 797 ciemus,

156 816 303 857 quanto
333 810 555 847 Faesidium
583 811 716 848 laudat
743 811 888 849 vocalis
917 820 1095 861 agentem

158 874 338 920 sportula.
397 873 469 921 dic,
506 873 635 912 senior
666 875 771 912 bulla
802 875 1036 924 dignissime,
1071 878 1207 927 nescis,

155 950 249 986 quas
282 939 424 976 habeat
453 952 612 977 veneres
645 940 769 978 aliena
799 941 992 989 pecunia?
1045 943 1181 990 nescis,

154 1015 271 1051 quem
300 1010 366 1040 tua
394 1003 616 1052 simplicitas
646 1004 762 1042 risum
791 1006 906 1053 vulgo
936 1014 1099 1054 moveat,
1131 1021 1220 1045 cum
1282 1021 1327 1058 35

156 1067 274 1116 exigis
307 1081 331 1105 a
364 1081 572 1117 quoquam,
606 1081 656 1105 ne
688 1068 834 1118 peieret
868 1077 906 1107 et
938 1078 1046 1119 putet
1078 1071 1164 1109 ullis

155 1143 238 1168 esse
269 1131 428 1180 aliquod
457 1145 603 1170 numen
636 1132 789 1181 templis
823 1146 989 1182 araeque
1019 1136 1202 1173 rubenti?

155 1196 354 1244 quondam
382 1197 458 1235 hoc
485 1197 689 1246 indigenae
717 1197 897 1235 vivebant
925 1212 1042 1245 more,
1073 1200 1297 1250 priusquam

155 1267 320 1298 sumeret
349 1268 538 1309 agrestem
568 1261 696 1310 posito
728 1261 949 1300 diademate
982 1264 1122 1301 falcem

155 1326 339 1363 Saturnus
368 1326 528 1375 fugiens,
559 1334 663 1372 tunc,
699 1340 787 1363 curn
818 1327 1041 1375 virguncula
1071 1330 1173 1366 Iuno
1284 1343 1332 1376 40

156 1398 193 1428 et
225 1390 393 1439 privatus
423 1391 551 1428 adhuc
582 1390 710 1428 Idaeis
742 1391 916 1440 Iuppiter
948 1392 1075 1438 antris,

155 1457 259 1493 nulla
288 1468 402 1504 super
434 1455 556 1493 nubes
589 1455 765 1493 convivia
797 1456 1077 1503 caelicolarum,

156 1531 229 1556 nec
256 1531 353 1567 puer
385 1518 538 1564 Iliacus,
574 1520 770 1556 formonsa
800 1533 873 1557 nec
908 1521 1087 1558 Herculis
1120 1535 1216 1559 uxor

155 1584 205 1620 ad
238 1584 396 1632 cyathos
427 1590 465 1620 et
495 1582 573 1619 iam
607 1582 749 1620 siccato
780 1591 934 1621 nectare
965 1591 1115 1633 tergens

156 1648 334 1686 bracchia
365 1649 564 1685 Vulcanus
598 1647 785 1697 Liparaea
814 1649 921 1698 nigra
951 1651 1118 1687 taberna.
1283 1664 1329 1700 45

155 1713 368 1760 prandebat
397 1711 469 1749 sibi
498 1711 661 1760 quisque
689 1713 795 1759 deus,
826 1726 898 1750 nec
927 1715 1037 1751 turba
1065 1715 1226 1752 deorum

156 1776 240 1814 talis
268 1784 310 1814 ut
342 1783 398 1814 est
426 1776 555 1823 hodie,
586 1785 848 1826 contentaque
878 1778 1001 1815 sidera
1029 1779 1161 1827 paucis

156 1841 379 1879 numinibus
411 1841 593 1879 miserum
626 1844 842 1891 urguebant
871 1844 1029 1880 Atlanta
1057 1843 1195 1881 minori

155 1907 354 1956 pondereg
387 1907 564 1944 nondum
594 1907 731 1956 aliquis
764 1907 917 1946 sortitus
950 1909 1055 1946 triste
1088 1910 1269 1957 profundi

156 1970 358 2019 imperium
387 1978 453 2008 aut
481 1971 608 2008 Sicula
637 1979 765 2009 torvus
794 1985 883 2009 cum
912 1972 1074 2022 coniuge
1104 1974 1257 2021 Pluton,
1281 1988 1330 2024 50

221 2105 262 2137 ‘26
284 2107 372 2147 quod
388 2108 440 2138 P:
463 2112 541 2148 quot
561 2113 611 2147 βω
632 2106 636 2147 Ι
657 2109 695 2139 28
719 2119 803 2140 nunc
826 2110 992 2150 PJalm:
1016 2120 1100 2141 nona
1110 2115 1161 2150 pm
1179 2109 1185 2151 1
1206 2122 1246 2151 43
1269 2112 1330 2142 for-

156 2168 267 2192 m0*sa
282 2162 315 2192 P
331 2160 336 2203 Ι
354 2171 394 2203 49
418 2161 533 2203 aliquis
554 2172 613 2192 om.
632 2163 664 2192 P
