1458 2476
137 211 181 236 22
672 195 773 233 XIV

135 284 167 322 si
194 290 347 323 tantum
375 281 468 321 culti
497 283 602 321 solus
629 280 847 331 possederis
875 280 966 330 agri,

135 355 324 398 quantum
354 348 426 386 sub
455 346 571 386 Tatio
599 347 767 395 populus
791 347 996 384 Romanus
1024 346 1168 384 arabat.
1242 348 1314 383 160

135 425 227 451 mox
254 412 372 451 etiam
401 411 529 449 fractis
558 418 684 449 aetate
712 425 758 449 ac
788 411 936 449 Punica
963 410 1086 460 passis

134 476 282 527 proelia
308 478 370 514 vel
400 478 561 526 Pyrrum
590 475 788 514 inmanem
817 475 1046 525 gladiosque
1076 475 1273 513 Molossos

135 542 296 580 tandem
325 554 394 590 pro
422 540 553 578 multis
581 540 642 577 vix
670 540 802 589 iugera
829 540 921 578 bina
950 541 1142 578 dabantur

135 604 376 644 vulneribus:
405 617 553 642 merces
581 605 677 642 haec
701 603 897 653 sanguinis
926 610 1043 652 atque
1072 602 1213 641 laboris

136 667 252 706 nullis
280 667 361 705 visa
389 680 576 716 umquam
605 666 749 704 meritis
778 665 907 703 minor
934 665 1200 714 aut-ingratae
1246 666 1315 713 165

137 739 247 770 curta
274 733 370 769 fides
399 731 556 781 patriae.
613 731 809 768 saturabat
837 731 994 779 glebula
1022 729 1107 766 talis

137 802 287 844 patrem
317 794 442 843 ipsum
472 795 702 842 turbamque
731 806 856 839 casae,
881 805 958 841 qua
985 793 1063 830 feta
1091 792 1242 829 iacebat

138 871 234 896 uxor
263 866 301 896 et
329 858 495 895 infantes
524 858 712 895 ludebant
741 864 935 905 quattuor,
966 868 1066 892 unus

137 923 307 968 vernula,
338 930 413 959 tres
441 921 612 969 domini;
641 921 708 958 sed
738 920 888 969 magnis
917 920 1093 958 fratribus
1121 919 1260 959 horum

140 1000 164 1025 a
192 987 328 1025 scrobe
358 987 418 1024 vel
447 987 556 1024 sulco
584 985 838 1024 redeuntibus
867 986 986 1022 altera
1014 998 1112 1023 cena
1250 996 1321 1032 170

139 1051 303 1100 amplior
331 1059 370 1089 et
398 1051 563 1100 grandes
592 1051 797 1087 fumabant
825 1050 997 1098 pultibus
1026 1050 1145 1087 ollae:

139 1129 245 1153 nunc
273 1115 413 1153 modus
442 1115 504 1152 hic
532 1114 612 1163 agri
641 1122 772 1152 nostro
801 1127 880 1152 non
911 1113 1051 1151 sufficit
1078 1114 1202 1151 horto.

141 1180 234 1218 inde
263 1181 340 1218 fere
368 1181 556 1218 scelerum
586 1192 726 1217 causae
736 1192 745 1225 ;
774 1192 847 1216 nec
875 1179 986 1227 plura
1013 1190 1164 1215 venena

140 1243 294 1281 miscuit
322 1250 389 1281 aut
418 1244 516 1281 ferro
545 1249 736 1291 grassatur
764 1241 917 1290 saepius
946 1242 1069 1278 ullum

140 1309 334 1345 humanae
363 1306 503 1345 mentis
531 1306 679 1353 vitium⁷
707 1319 824 1355 quam
853 1319 968 1344 saeva
997 1305 1138 1354 cupido
1252 1316 1320 1353 175

143 1370 331 1409 inmodici
359 1383 509 1408 census.
567 1383 658 1407 nam
688 1370 795 1408 dives
824 1369 890 1418 qui
919 1368 1000 1408 fieri
1028 1370 1120 1415 vult,

147 1442 186 1474 et
214 1435 292 1473 cito
320 1436 401 1472 vult
429 1434 528 1472 fieri:
557 1435 626 1472 sed
655 1447 755 1483 quae
784 1434 996 1472 reverentia
1024 1435 1163 1483 legum,

146 1497 232 1547 quis
261 1505 386 1535 metus
412 1504 478 1535 aut
498 1499 623 1546 pudor
648 1506 705 1536 est
725 1511 911 1546 umquam
934 1496 1175 1546 properantis
1199 1496 1326 1534 avari?

146 1562 277 1600 ‘vivite
306 1562 479 1600 contenti
508 1562 648 1599 casulis
677 1569 716 1600 et
744 1562 907 1600 collibus
936 1561 1028 1608 istis,

144 1640 169 1665 o
197 1626 305 1676 pueri
317 1628 335 1665 1’
392 1628 545 1664 Marsus
575 1627 730 1664 dicebat
759 1634 797 1664 et
827 1626 1025 1664 Hernicus
1055 1625 1148 1663 olim
1254 1626 1326 1662 180

145 1690 407 1740 Vestinusque
437 1704 556 1729 senex
585 1694 743 1740 ‘panem
772 1703 1002 1740 quaeramus
1030 1697 1166 1736 aratro,

146 1755 212 1805 qui
242 1755 331 1793 satis
361 1763 419 1793 est
446 1754 600 1793 mensis.
658 1756 820 1794 laudant
847 1755 923 1792 hoc
951 1754 1114 1792 numina
1142 1753 1247 1800 ruris,

147 1833 314 1869 quorum
342 1832 417 1869 ope
445 1826 484 1857 et
511 1819 653 1857 auxilio
681 1827 809 1868 gratae
837 1826 926 1868 post
954 1831 1096 1856 munus
1125 1818 1261 1856 aristae

150 1885 382 1934 contingunt
409 1883 558 1922 homini
586 1883 724 1921 veteris
753 1883 906 1922 fastidia
934 1895 1108 1932 quercus.

148 1949 201 1986 nil
230 1949 391 1986 vetitum
420 1947 555 1985 fecisse
583 1948 699 1993 volet,
730 1960 847 1996 quem
875 1960 955 1985 non
984 1947 1106 1996 pudet
1133 1946 1211 1983 alto
1256 1947 1325 1994 185

149 2025 217 2061 per
243 2011 407 2061 glaciem
435 2024 580 2060 perone
609 2011 696 2060 tegi,
727 2010 794 2059 qui
822 2016 1042 2048 summovet
1071 2022 1183 2047 euros
1282 2005 1285 2008 ’

150 2075 315 2125 pellibus
344 2075 502 2113 inversis
511 2091 521 2124 3
551 2075 750 2124 peregrina
778 2075 987 2124 ignotaque
1014 2073 1127 2111 nobis

150 2140 200 2178 ad
221 2141 345 2179 scelus
364 2147 479 2190 atque
500 2141 617 2186 nefas,
635 2152 904 2189 quaecumque
924 2146 991 2185 est,
1013 2150 1180 2187 purpura
1200 2136 1329 2175 ducit.’

287 2214 345 2254 163
368 2215 442 2247 vina
459 2215 510 2256 ,ΡΙ
537 2214 593 2247 168
617 2221 649 2247 et
665 2225 744 2246 unus
761 2214 814 2256 P}
838 2215 894 2246 182
911 2214 982 2256 quis
998 2213 1050 2255 Pl
1071 2213 1150 2245 roris
1165 2214 1199 2244 P
