1458 2476
151 185 175 218 4
700 172 782 208 XII

150 266 266 309 atque
296 258 488 298 novercali
518 260 628 297 sedes
658 260 828 308 praelata
858 257 1019 296 Lavinio

150 321 388 371 conspicitur
415 322 590 360 sublimis
619 335 728 371 apex,
759 321 822 359 cui
851 321 1019 359 candida
1048 332 1192 358 nomen

151 388 275 424 scrofa
303 386 423 434 dedit,
454 386 564 424 laetis
594 386 810 436 Phrygibus
838 385 1012 423 mirabile
1042 397 1190 430 sumen,

153 458 190 488 et
219 463 434 499 numquam
461 450 551 488 visis
580 450 734 500 triginta
763 451 864 488 clara
891 449 1080 487 mamillis.

151 515 310 552 tandem
339 514 453 552 intrat
482 514 626 564 positas
655 514 802 552 inclusa
829 527 898 563 per
925 526 1093 562 aequora
1120 515 1242 552 moles
1287 525 1332 564 75

152 580 469 629 Tyrrhenamque
498 580 646 629 pharon
674 586 930 628 porrectaque
959 578 1138 616 bracchia
1173 592 1333 626 rursum,

154 657 254 693 quae
283 645 422 693 pelago
451 651 658 682 occurrunt
687 643 818 682 medio
847 644 1039 692 longeque
1068 642 1291 692 relinquunt

155 707 443 746 Italiam—non
472 708 527 746 sic
555 708 667 758 igitur
695 708 883 747 mirabere
911 716 1044 757 portus

154 786 252 823 quos
280 780 416 811 natura
444 773 619 820 dedit—,
649 774 717 811 sed
746 781 881 811 trunca
908 786 1040 822 puppe
1069 773 1249 823 magister

156 837 337 876 interiora
365 838 462 887 petit
492 838 659 876 Baianae
689 838 822 887 pervia
850 839 1015 877 cumbae
1288 841 1336 876 80

154 903 228 940 tuti
257 909 391 952 stagna
419 902 534 940 sinus.
594 904 764 951 gaudent
793 903 846 941 ibi
875 902 1016 942 vertice
1045 917 1131 942 raso

157 968 305 1017 garrula
333 967 456 1005 securi
484 980 636 1005 narrare
665 968 836 1016 pericula
864 975 1017 1006 nautae.

212 1035 273 1070 Ite
301 1032 428 1082 igitur,
455 1032 575 1081 pueri,
604 1032 744 1082 linguis
773 1033 991 1082 animisque
1019 1033 1204 1080 faventes,

158 1105 336 1146 sertaque
366 1096 535 1135 delubris
564 1104 602 1134 et
630 1097 728 1134 farra
757 1096 933 1146 inponite
961 1095 1091 1134 cultris

157 1176 203 1200 ac
231 1162 358 1200 mollis
388 1169 521 1200 ornate
549 1163 656 1199 focos
685 1162 916 1211 glebamque
945 1160 1156 1199 virentem!
1291 1163 1336 1210 85

157 1226 235 1263 iam
264 1238 403 1274 sequar
432 1232 469 1263 et
499 1238 617 1271 sacro,
648 1226 755 1274 quod
782 1232 961 1274 praestat,
991 1226 1063 1263 rite
1091 1233 1247 1275 peracto

158 1290 250 1328 inde
279 1290 439 1328 domum
467 1298 650 1338 repetam,
680 1290 839 1339 graciles
868 1290 934 1328 ubi
962 1302 1079 1339 parva
1106 1304 1268 1328 coronas

159 1352 355 1402 accipiunt
386 1353 507 1402 fragili
537 1352 741 1390 simulacra
769 1352 931 1390 nitentia
959 1366 1056 1391 cera.

159 1418 223 1456 hic
251 1424 424 1455 nostrum
452 1418 617 1466 placabo
646 1419 782 1455 Iovem
812 1418 1052 1466 Laribusque
1081 1417 1249 1467 paternis

160 1491 244 1521 tura
272 1483 376 1521 dabo
405 1489 520 1531 atque
550 1482 676 1520 omnis
703 1482 829 1520 violae
858 1481 1011 1521 iactabo
1040 1483 1199 1521 colores.
1295 1496 1342 1531 90

160 1553 301 1584 cuncta
328 1545 463 1593 nitent,
493 1546 631 1595 longos
660 1545 778 1583 erexit
807 1545 924 1583 ianua
951 1557 1078 1583 ramos

162 1619 200 1650 et
228 1610 425 1648 matutinis
455 1618 635 1659 operatur
662 1612 759 1648 festa
787 1610 964 1648 lucernis.

215 1678 300 1715 Nec
328 1683 507 1725 suspecta
535 1675 604 1713 tibi
630 1675 705 1714 sint
733 1676 841 1721 haec,
873 1675 1063 1714 Corvine:
1103 1676 1289 1722 Catullus,

161 1753 232 1790 pro
260 1739 368 1777 cuius
396 1738 520 1777 reditu
549 1746 607 1777 tot
635 1751 741 1788 pono
769 1739 911 1785 altaria,
942 1752 1080 1788 parvos

162 1813 238 1843 tres
267 1804 384 1842 habet
411 1805 584 1842 heredes.
642 1805 737 1842 libet
766 1812 977 1853 expectare,
1009 1803 1093 1853 quis
1121 1816 1272 1852 aegram
1296 1815 1340 1852 95

164 1876 201 1907 et
229 1870 476 1907 claudentem
507 1871 640 1907 oculos
669 1869 852 1918 gallinam
880 1868 1067 1918 inpendat
1095 1868 1221 1905 amico

165 1942 245 1972 tam
274 1933 578 1972 sterili—verum
608 1935 704 1972 haec
733 1933 853 1971 nimia
880 1941 938 1971 est
966 1932 1139 1982 inpensa,
1169 1932 1346 1970 coturnix

231 2038 266 2070 71
293 2030 432 2061 Lavinio
447 2031 491 2060 A.
508 2030 544 2060 de
559 2031 644 2069 Rooy
659 2031 755 2070 spicil.
777 2031 846 2061 crit.
860 2035 896 2071 p.
918 2039 955 2070 57
972 2043 979 2061 :
1004 2030 1112 2061 lavino
1127 2031 1182 2060 Pw
1200 2028 1204 2070 Ι
1228 2038 1266 2070 73
1287 2030 1346 2060 mi-

165 2085 304 2116 serabile
319 2085 374 2115 ὃς·
393 2082 397 2124 Ι
420 2092 458 2123 75
476 2095 595 2125 equore
611 2086 644 2115 P
662 2085 665 2125 Ι
687 2094 724 2125 77
742 2089 872 2115 currunt
888 2085 945 2115 PS
962 2083 965 2125 Ι
986 2084 1146 2125 relinqu*t
1162 2085 1196 2115 P
1212 2082 1216 2124 Ι
1236 2085 1271 2115 81
1291 2085 1346 2115 ubi

166 2150 189 2168 ω
209 2137 214 2178 Ι
234 2136 274 2169 86
296 2143 427 2179 peracto
442 2142 516 2178 pm:
540 2143 691 2178 peract*÷÷
715 2140 749 2169 P
767 2143 934 2179 peractum
957 2138 1004 2179 S}
1026 2148 1065 2179 9²
1090 2144 1266 2180 operantur
1287 2139 1322 2169 P
1341 2137 1345 2179 Ι

166 2202 205 2234 93
230 2191 275 2222 ibi
290 2191 324 2222 P
