<?xml version="1.0" encoding="UTF-8"?>
<!DOCTYPE html PUBLIC "-//W3C//DTD XHTML 1.0 Transitional//EN"
    "http://www.w3.org/TR/xhtml1/DTD/xhtml1-transitional.dtd">
<html xmlns="http://www.w3.org/1999/xhtml" xml:lang="en" lang="en">
 <head>
  <title>
</title>
<meta http-equiv="Content-Type" content="text/html;charset=utf-8" />
  <meta name='ocr-system' content='tesseract 3.04.00' />
  <meta name='ocr-capabilities' content='ocr_page ocr_carea ocr_par ocr_line ocrx_word'/>
</head>
<body>
  <div class='ocr_page' id='page_1' title='image "./juvenalforschool04juveuoft_0030.png"; bbox 0 0 1458 2476; ppageno 0'>
   <div class='ocr_carea' id='block_1_1' title="bbox 194 166 826 205">
    <p class='ocr_par' dir='ltr' id='par_1_1' title="bbox 194 166 826 205">
     <span class='ocr_line' id='line_1_1' title="bbox 194 166 826 205; baseline -0.006 0"><span class='ocrx_word' id='word_1_1' title='bbox 194 168 237 205; x_wconf 89' lang='lat'>18</span> <span class='ocrx_word' id='word_1_2' title='bbox 727 166 826 202; x_wconf 88' lang='lat' dir='ltr'>XIV</span> 
     </span>
    </p>
   </div>
   <div class='ocr_carea' id='block_1_2' title="bbox 187 248 1373 1834">
    <p class='ocr_par' dir='ltr' id='par_1_2' title="bbox 187 248 1198 302">
     <span class='ocr_line' id='line_1_2' title="bbox 187 248 1198 302; baseline -0.005 -12"><span class='ocrx_word' id='word_1_3' title='bbox 187 260 297 302; x_wconf 86' lang='lat' dir='ltr'><strong>turpe</strong></span> <span class='ocrx_word' id='word_1_4' title='bbox 326 264 447 302; x_wconf 84' lang='lat' dir='ltr'>paras,</span> <span class='ocrx_word' id='word_1_5' title='bbox 479 264 527 290; x_wconf 89' lang='lat' dir='ltr'>ne</span> <span class='ocrx_word' id='word_1_6' title='bbox 556 259 596 288; x_wconf 90' lang='lat' dir='ltr'>tu</span> <span class='ocrx_word' id='word_1_7' title='bbox 626 250 732 300; x_wconf 89' lang='lat' dir='ltr'>pueri</span> <span class='ocrx_word' id='word_1_8' title='bbox 762 248 1036 298; x_wconf 81' lang='lat' dir='ltr'><strong>contempseris</strong></span> <span class='ocrx_word' id='word_1_9' title='bbox 1064 259 1198 295; x_wconf 84' lang='lat' dir='ltr'>annos,</span> 
     </span>
    </p>

    <p class='ocr_par' dir='ltr' id='par_1_3' title="bbox 188 313 1034 365">
     <span class='ocr_line' id='line_1_3' title="bbox 188 313 1034 365; baseline -0.006 -11"><span class='ocrx_word' id='word_1_10' title='bbox 188 317 256 354; x_wconf 84' lang='lat' dir='ltr'>sed</span> <span class='ocrx_word' id='word_1_11' title='bbox 286 323 492 365; x_wconf 86' lang='lat' dir='ltr'>peccaturo</span> <span class='ocrx_word' id='word_1_12' title='bbox 522 315 647 352; x_wconf 82' lang='lat' dir='ltr'>obstet</span> <span class='ocrx_word' id='word_1_13' title='bbox 677 314 744 352; x_wconf 86' lang='lat' dir='ltr'>tibi</span> <span class='ocrx_word' id='word_1_14' title='bbox 773 313 871 350; x_wconf 87' lang='lat' dir='ltr'>filius</span> <span class='ocrx_word' id='word_1_15' title='bbox 901 313 1034 350; x_wconf 82' lang='lat' dir='ltr'>infans.</span> 
     </span>
    </p>

    <p class='ocr_par' dir='ltr' id='par_1_4' title="bbox 188 378 1370 430">
     <span class='ocr_line' id='line_1_4' title="bbox 188 378 1370 430; baseline -0.005 -12"><span class='ocrx_word' id='word_1_16' title='bbox 188 394 277 418; x_wconf 84' lang='lat' dir='ltr'>narn</span> <span class='ocrx_word' id='word_1_17' title='bbox 307 381 337 418; x_wconf 89' lang='lat' dir='ltr'>si</span> <span class='ocrx_word' id='word_1_18' title='bbox 366 380 460 430; x_wconf 85' lang='lat' dir='ltr'>quid</span> <span class='ocrx_word' id='word_1_19' title='bbox 489 380 649 428; x_wconf 76' lang='lat' dir='ltr'>dignum</span> <span class='ocrx_word' id='word_1_20' title='bbox 679 378 847 417; x_wconf 88' lang='lat' dir='ltr'>censoris</span> <span class='ocrx_word' id='word_1_21' title='bbox 876 378 1006 416; x_wconf 86' lang='lat' dir='ltr'>fecerit</span> <span class='ocrx_word' id='word_1_22' title='bbox 1035 378 1089 415; x_wconf 88' lang='lat' dir='ltr'>ira</span> <span class='ocrx_word' id='word_1_23' title='bbox 1322 386 1370 424; x_wconf 85' lang='lat'>50</span> 
     </span>
    </p>

    <p class='ocr_par' dir='ltr' id='par_1_5' title="bbox 189 442 1327 493">
     <span class='ocr_line' id='line_1_5' title="bbox 189 442 1327 493; baseline -0.006 -11"><span class='ocrx_word' id='word_1_24' title='bbox 189 445 425 493; x_wconf 74' lang='lat' dir='ltr'>quandoque</span> <span class='ocrx_word' id='word_1_25' title='bbox 454 450 491 481; x_wconf 87' lang='lat' dir='ltr'>et</span> <span class='ocrx_word' id='word_1_26' title='bbox 520 443 683 480; x_wconf 77' lang='lat' dir='ltr'>similem</span> <span class='ocrx_word' id='word_1_27' title='bbox 713 442 780 480; x_wconf 89' lang='lat' dir='ltr'>tibi</span> <span class='ocrx_word' id='word_1_28' title='bbox 809 455 848 479; x_wconf 87' lang='lat' dir='ltr'>se</span> <span class='ocrx_word' id='word_1_29' title='bbox 879 455 957 479; x_wconf 87' lang='lat' dir='ltr'>non</span> <span class='ocrx_word' id='word_1_30' title='bbox 987 454 1147 490; x_wconf 87' lang='lat' dir='ltr'>corpore</span> <span class='ocrx_word' id='word_1_31' title='bbox 1176 447 1327 478; x_wconf 85' lang='lat' dir='ltr'>tantum</span> 
     </span>
    </p>

    <p class='ocr_par' dir='ltr' id='par_1_6' title="bbox 189 503 1239 555">
     <span class='ocr_line' id='line_1_6' title="bbox 189 503 1239 555; baseline -0.005 -8"><span class='ocrx_word' id='word_1_32' title='bbox 189 522 260 547; x_wconf 86' lang='lat' dir='ltr'>nec</span> <span class='ocrx_word' id='word_1_33' title='bbox 289 510 395 546; x_wconf 73' lang='lat' dir='ltr'>vultu</span> <span class='ocrx_word' id='word_1_34' title='bbox 425 507 583 554; x_wconf 76' lang='lat' dir='ltr'><strong>dederit,</strong></span> <span class='ocrx_word' id='word_1_35' title='bbox 615 520 766 545; x_wconf 90' lang='lat' dir='ltr'>morum</span> <span class='ocrx_word' id='word_1_36' title='bbox 796 519 952 555; x_wconf 89' lang='lat' dir='ltr'>quoque</span> <span class='ocrx_word' id='word_1_37' title='bbox 981 506 1078 543; x_wconf 88' lang='lat' dir='ltr'>filius</span> <span class='ocrx_word' id='word_1_38' title='bbox 1107 513 1144 543; x_wconf 88' lang='lat' dir='ltr'>et</span> <span class='ocrx_word' id='word_1_39' title='bbox 1173 503 1239 553; x_wconf 88' lang='lat' dir='ltr'>qui</span> 
     </span>
    </p>

    <p class='ocr_par' dir='ltr' id='par_1_7' title="bbox 189 571 1061 620">
     <span class='ocr_line' id='line_1_7' title="bbox 189 571 1061 620; baseline -0.002 -11"><span class='ocrx_word' id='word_1_40' title='bbox 189 571 319 609; x_wconf 86' lang='lat' dir='ltr'>omnia</span> <span class='ocrx_word' id='word_1_41' title='bbox 348 572 512 610; x_wconf 79' lang='lat' dir='ltr'>deterius</span> <span class='ocrx_word' id='word_1_42' title='bbox 542 580 607 609; x_wconf 86' lang='lat' dir='ltr'>tua</span> <span class='ocrx_word' id='word_1_43' title='bbox 637 584 703 620; x_wconf 89' lang='lat' dir='ltr'>per</span> <span class='ocrx_word' id='word_1_44' title='bbox 730 571 888 619; x_wconf 75' lang='lat' dir='ltr'>vestigia</span> <span class='ocrx_word' id='word_1_45' title='bbox 916 578 1061 619; x_wconf 88' lang='lat' dir='ltr'>peccet,</span> 
     </span>
    </p>

    <p class='ocr_par' dir='ltr' id='par_1_8' title="bbox 189 635 1042 685">
     <span class='ocr_line' id='line_1_8' title="bbox 189 635 1042 685; baseline -0.002 -12"><span class='ocrx_word' id='word_1_46' title='bbox 189 636 369 685; x_wconf 76' lang='lat' dir='ltr'>corripies</span> <span class='ocrx_word' id='word_1_47' title='bbox 399 636 577 674; x_wconf 85' lang='lat' dir='ltr'>nimirum</span> <span class='ocrx_word' id='word_1_48' title='bbox 608 644 643 674; x_wconf 88' lang='lat' dir='ltr'>et</span> <span class='ocrx_word' id='word_1_49' title='bbox 673 635 874 684; x_wconf 70' lang='lat' dir='ltr'>castigabis</span> <span class='ocrx_word' id='word_1_50' title='bbox 903 635 1042 672; x_wconf 83' lang='lat' dir='ltr'>acerbo</span> 
     </span>
    </p>

    <p class='ocr_par' dir='ltr' id='par_1_9' title="bbox 189 697 1367 749">
     <span class='ocr_line' id='line_1_9' title="bbox 189 697 1367 749; baseline -0.002 -13"><span class='ocrx_word' id='word_1_51' title='bbox 189 701 356 738; x_wconf 85' lang='lat' dir='ltr'>clamore</span> <span class='ocrx_word' id='word_1_52' title='bbox 385 714 429 738; x_wconf 86' lang='lat' dir='ltr'>ac</span> <span class='ocrx_word' id='word_1_53' title='bbox 458 709 544 749; x_wconf 87' lang='lat' dir='ltr'>post</span> <span class='ocrx_word' id='word_1_54' title='bbox 573 701 668 738; x_wconf 88' lang='lat' dir='ltr'>haec</span> <span class='ocrx_word' id='word_1_55' title='bbox 697 701 844 737; x_wconf 84' lang='lat' dir='ltr'>tabulas</span> <span class='ocrx_word' id='word_1_56' title='bbox 874 707 1021 736; x_wconf 87' lang='lat' dir='ltr'>mutare</span> <span class='ocrx_word' id='word_1_57' title='bbox 1050 697 1210 747; x_wconf 81' lang='lat' dir='ltr'>parabis.</span> <span class='ocrx_word' id='word_1_58' title='bbox 1323 707 1367 744; x_wconf 88' lang='lat'>55</span> 
     </span>
    </p>

    <p class='ocr_par' dir='ltr' id='par_1_10' title="bbox 189 761 1111 811">
     <span class='ocr_line' id='line_1_10' title="bbox 189 761 1111 811; baseline -0.005 -9"><span class='ocrx_word' id='word_1_59' title='bbox 189 765 293 802; x_wconf 89' lang='lat' dir='ltr'>unde</span> <span class='ocrx_word' id='word_1_60' title='bbox 322 764 390 802; x_wconf 89' lang='lat' dir='ltr'>tibi</span> <span class='ocrx_word' id='word_1_61' title='bbox 419 765 583 801; x_wconf 85' lang='lat' dir='ltr'>frontem</span> <span class='ocrx_word' id='word_1_62' title='bbox 612 764 904 811; x_wconf 74' lang='lat' dir='ltr'>libertatemque</span> <span class='ocrx_word' id='word_1_63' title='bbox 934 761 1111 810; x_wconf 85' lang='lat' dir='ltr'>parentis,</span> 
     </span>
    </p>

    <p class='ocr_par' dir='ltr' id='par_1_11' title="bbox 191 825 1188 876">
     <span class='ocr_line' id='line_1_11' title="bbox 191 825 1188 876; baseline -0.003 -11"><span class='ocrx_word' id='word_1_64' title='bbox 191 841 279 866; x_wconf 91' lang='lat' dir='ltr'>cum</span> <span class='ocrx_word' id='word_1_65' title='bbox 309 828 424 865; x_wconf 85' lang='lat' dir='ltr'>facias</span> <span class='ocrx_word' id='word_1_66' title='bbox 454 828 585 876; x_wconf 84' lang='lat' dir='ltr'>peiora</span> <span class='ocrx_word' id='word_1_67' title='bbox 613 841 730 865; x_wconf 79' lang='lat' dir='ltr'>senex</span> <span class='ocrx_word' id='word_1_68' title='bbox 758 839 1003 874; x_wconf 80' lang='lat' dir='ltr'>vacuumque</span> <span class='ocrx_word' id='word_1_69' title='bbox 1031 825 1188 862; x_wconf 87' lang='lat' dir='ltr'>cerebro</span> 
     </span>
    </p>

    <p class='ocr_par' dir='ltr' id='par_1_12' title="bbox 190 888 1319 1004">
     <span class='ocr_line' id='line_1_12' title="bbox 190 888 1319 940; baseline -0.004 -12"><span class='ocrx_word' id='word_1_70' title='bbox 190 891 266 929; x_wconf 88' lang='lat' dir='ltr'>iam</span> <span class='ocrx_word' id='word_1_71' title='bbox 295 891 443 940; x_wconf 84' lang='lat' dir='ltr'>pridem</span> <span class='ocrx_word' id='word_1_72' title='bbox 473 899 588 939; x_wconf 84' lang='lat' dir='ltr'>caput</span> <span class='ocrx_word' id='word_1_73' title='bbox 618 892 693 928; x_wconf 84' lang='lat' dir='ltr'>hoc</span> <span class='ocrx_word' id='word_1_74' title='bbox 721 898 881 927; x_wconf 83' lang='lat' dir='ltr'>ventosa</span> <span class='ocrx_word' id='word_1_75' title='bbox 909 888 1107 926; x_wconf 77' lang='lat' dir='ltr'>cucurbita</span> <span class='ocrx_word' id='word_1_76' title='bbox 1135 888 1319 937; x_wconf 85' lang='lat' dir='ltr'>quaerat?</span> 
     </span>
     <span class='ocr_line' id='line_1_13' title="bbox 245 954 1147 1004; baseline -0.004 -12"><span class='ocrx_word' id='word_1_77' title='bbox 245 955 414 1004; x_wconf 82' lang='lat' dir='ltr'>Hospite</span> <span class='ocrx_word' id='word_1_78' title='bbox 443 964 615 999; x_wconf 77' lang='lat' dir='ltr'>venturo,</span> <span class='ocrx_word' id='word_1_79' title='bbox 647 954 810 992; x_wconf 76' lang='lat' dir='ltr'>cessabit</span> <span class='ocrx_word' id='word_1_80' title='bbox 839 966 955 991; x_wconf 87' lang='lat' dir='ltr'>nemo</span> <span class='ocrx_word' id='word_1_81' title='bbox 983 961 1147 990; x_wconf 89' lang='lat' dir='ltr'>tuorum.</span> 
     </span>
    </p>

    <p class='ocr_par' dir='ltr' id='par_1_13' title="bbox 195 1016 1371 1067">
     <span class='ocr_line' id='line_1_14' title="bbox 195 1016 1371 1067; baseline -0.006 -11"><span class='ocrx_word' id='word_1_82' title='bbox 195 1022 315 1057; x_wconf 81' lang='lat' dir='ltr'>‘verre</span> <span class='ocrx_word' id='word_1_83' title='bbox 344 1019 618 1067; x_wconf 74' lang='lat' dir='ltr'>pavimentum,</span> <span class='ocrx_word' id='word_1_84' title='bbox 650 1018 789 1055; x_wconf 86' lang='lat' dir='ltr'>nitidas</span> <span class='ocrx_word' id='word_1_85' title='bbox 818 1018 980 1055; x_wconf 80' lang='lat' dir='ltr'>ostende</span> <span class='ocrx_word' id='word_1_86' title='bbox 1010 1017 1219 1062; x_wconf 87' lang='lat' dir='ltr'>columnas,</span> <span class='ocrx_word' id='word_1_87' title='bbox 1323 1016 1371 1049; x_wconf 84' lang='lat'>60</span> 
     </span>
    </p>

    <p class='ocr_par' dir='ltr' id='par_1_14' title="bbox 192 1082 1048 1126">
     <span class='ocr_line' id='line_1_15' title="bbox 192 1082 1048 1126; baseline -0.002 -6"><span class='ocrx_word' id='word_1_88' title='bbox 192 1083 298 1120; x_wconf 83' lang='lat' dir='ltr'>arida</span> <span class='ocrx_word' id='word_1_89' title='bbox 326 1096 415 1120; x_wconf 88' lang='lat' dir='ltr'>cum</span> <span class='ocrx_word' id='word_1_90' title='bbox 445 1091 526 1120; x_wconf 89' lang='lat' dir='ltr'>tota</span> <span class='ocrx_word' id='word_1_91' title='bbox 555 1083 765 1120; x_wconf 75' lang='lat' dir='ltr'>descendat</span> <span class='ocrx_word' id='word_1_92' title='bbox 795 1095 933 1119; x_wconf 85' lang='lat' dir='ltr'>aranea</span> <span class='ocrx_word' id='word_1_93' title='bbox 962 1082 1048 1126; x_wconf 83' lang='lat' dir='ltr'>tela,</span> 
     </span>
    </p>

    <p class='ocr_par' dir='ltr' id='par_1_15' title="bbox 193 1144 1219 1196">
     <span class='ocr_line' id='line_1_16' title="bbox 193 1144 1219 1196; baseline -0.006 -10"><span class='ocrx_word' id='word_1_94' title='bbox 193 1149 255 1186; x_wconf 89' lang='lat' dir='ltr'>hic</span> <span class='ocrx_word' id='word_1_95' title='bbox 284 1150 367 1186; x_wconf 73' lang='lat' dir='ltr'>leve</span> <span class='ocrx_word' id='word_1_96' title='bbox 396 1156 606 1196; x_wconf 76' lang='lat' dir='ltr'>argentum,</span> <span class='ocrx_word' id='word_1_97' title='bbox 638 1159 729 1183; x_wconf 71' lang='lat' dir='ltr'>vasa</span> <span class='ocrx_word' id='word_1_98' title='bbox 757 1158 891 1194; x_wconf 86' lang='lat' dir='ltr'>aspera</span> <span class='ocrx_word' id='word_1_99' title='bbox 919 1152 1063 1193; x_wconf 76' lang='lat' dir='ltr'>tergeat</span> <span class='ocrx_word' id='word_1_100' title='bbox 1092 1144 1219 1181; x_wconf 71' lang='lat' dir='ltr'>alterl&#39;</span> 
     </span>
    </p>

    <p class='ocr_par' dir='ltr' id='par_1_16' title="bbox 193 1207 1217 1258">
     <span class='ocr_line' id='line_1_17' title="bbox 193 1207 1217 1258; baseline -0.005 -8"><span class='ocrx_word' id='word_1_101' title='bbox 193 1226 268 1250; x_wconf 79' lang='lat' dir='ltr'>vox</span> <span class='ocrx_word' id='word_1_102' title='bbox 296 1211 443 1250; x_wconf 87' lang='lat' dir='ltr'>domini</span> <span class='ocrx_word' id='word_1_103' title='bbox 473 1211 559 1248; x_wconf 82' lang='lat' dir='ltr'>furit</span> <span class='ocrx_word' id='word_1_104' title='bbox 588 1210 762 1247; x_wconf 84' lang='lat' dir='ltr'>instantis</span> <span class='ocrx_word' id='word_1_105' title='bbox 792 1210 1013 1258; x_wconf 74' lang='lat' dir='ltr'>virgamque</span> <span class='ocrx_word' id='word_1_106' title='bbox 1042 1207 1217 1246; x_wconf 88' lang='lat' dir='ltr'>tenentis.</span> 
     </span>
    </p>

    <p class='ocr_par' dir='ltr' id='par_1_17' title="bbox 193 1272 1215 1326">
     <span class='ocr_line' id='line_1_18' title="bbox 193 1272 1215 1326; baseline -0.005 -12"><span class='ocrx_word' id='word_1_107' title='bbox 193 1290 283 1326; x_wconf 82' lang='lat' dir='ltr'>ergo</span> <span class='ocrx_word' id='word_1_108' title='bbox 312 1276 425 1314; x_wconf 83' lang='lat' dir='ltr'>miser</span> <span class='ocrx_word' id='word_1_109' title='bbox 453 1275 631 1324; x_wconf 79' lang='lat' dir='ltr'>trepidas,</span> <span class='ocrx_word' id='word_1_110' title='bbox 661 1288 710 1312; x_wconf 91' lang='lat' dir='ltr'>ne</span> <span class='ocrx_word' id='word_1_111' title='bbox 739 1283 903 1312; x_wconf 87' lang='lat' dir='ltr'>stercore</span> <span class='ocrx_word' id='word_1_112' title='bbox 933 1274 1047 1311; x_wconf 84' lang='lat' dir='ltr'>foeda</span> <span class='ocrx_word' id='word_1_113' title='bbox 1075 1272 1215 1310; x_wconf 90' lang='lat' dir='ltr'>canino</span> 
     </span>
    </p>

    <p class='ocr_par' dir='ltr' id='par_1_18' title="bbox 194 1337 1370 1389">
     <span class='ocr_line' id='line_1_19' title="bbox 194 1337 1370 1389; baseline -0.006 -10"><span class='ocrx_word' id='word_1_114' title='bbox 194 1341 287 1380; x_wconf 86' lang='lat' dir='ltr'>atria</span> <span class='ocrx_word' id='word_1_115' title='bbox 317 1340 543 1389; x_wconf 80' lang='lat' dir='ltr'>displiceant</span> <span class='ocrx_word' id='word_1_116' title='bbox 572 1339 693 1377; x_wconf 86' lang='lat' dir='ltr'>oculis</span> <span class='ocrx_word' id='word_1_117' title='bbox 721 1338 910 1376; x_wconf 63' lang='lat' dir='ltr'>venientis</span> <span class='ocrx_word' id='word_1_118' title='bbox 939 1337 1063 1383; x_wconf 87' lang='lat' dir='ltr'>amici,</span> <span class='ocrx_word' id='word_1_119' title='bbox 1323 1337 1370 1385; x_wconf 84' lang='lat'>65</span> 
     </span>
    </p>

    <p class='ocr_par' dir='ltr' id='par_1_19' title="bbox 193 1403 1163 1454">
     <span class='ocr_line' id='line_1_20' title="bbox 193 1403 1163 1454; baseline -0.006 -11"><span class='ocrx_word' id='word_1_120' title='bbox 193 1418 242 1444; x_wconf 87' lang='lat' dir='ltr'>ne</span> <span class='ocrx_word' id='word_1_121' title='bbox 271 1405 423 1454; x_wconf 84' lang='lat' dir='ltr'>perfusa</span> <span class='ocrx_word' id='word_1_122' title='bbox 453 1406 532 1441; x_wconf 85' lang='lat' dir='ltr'>luto</span> <span class='ocrx_word' id='word_1_123' title='bbox 562 1403 609 1441; x_wconf 87' lang='lat' dir='ltr'>sit</span> <span class='ocrx_word' id='word_1_124' title='bbox 637 1403 831 1452; x_wconf 56' lang='lat' dir='ltr'>porticus:</span> <span class='ocrx_word' id='word_1_125' title='bbox 861 1411 897 1439; x_wconf 90' lang='lat' dir='ltr'>et</span> <span class='ocrx_word' id='word_1_126' title='bbox 927 1411 1055 1439; x_wconf 89' lang='lat' dir='ltr'>tamen</span> <span class='ocrx_word' id='word_1_127' title='bbox 1085 1414 1163 1438; x_wconf 89' lang='lat' dir='ltr'>uno</span> 
     </span>
    </p>

    <p class='ocr_par' dir='ltr' id='par_1_20' title="bbox 193 1468 1210 1508">
     <span class='ocr_line' id='line_1_21' title="bbox 193 1468 1210 1508; baseline -0.005 -1"><span class='ocrx_word' id='word_1_128' title='bbox 193 1469 370 1508; x_wconf 88' lang='lat' dir='ltr'>semodio</span> <span class='ocrx_word' id='word_1_129' title='bbox 399 1468 525 1506; x_wconf 90' lang='lat' dir='ltr'>scobis</span> <span class='ocrx_word' id='word_1_130' title='bbox 554 1469 649 1505; x_wconf 86' lang='lat' dir='ltr'>haec</span> <span class='ocrx_word' id='word_1_131' title='bbox 678 1469 859 1505; x_wconf 88' lang='lat' dir='ltr'>emendat</span> <span class='ocrx_word' id='word_1_132' title='bbox 889 1468 1059 1504; x_wconf 70' lang='lat' dir='ltr'>servulus</span> <span class='ocrx_word' id='word_1_133' title='bbox 1088 1479 1210 1503; x_wconf 91' lang='lat' dir='ltr'>unus:</span> 
     </span>
    </p>

    <p class='ocr_par' dir='ltr' id='par_1_21' title="bbox 194 1531 1089 1581">
     <span class='ocr_line' id='line_1_22' title="bbox 194 1531 1089 1581; baseline -0.002 -12"><span class='ocrx_word' id='word_1_134' title='bbox 194 1533 287 1570; x_wconf 88' lang='lat' dir='ltr'>illud</span> <span class='ocrx_word' id='word_1_135' title='bbox 317 1545 394 1570; x_wconf 88' lang='lat' dir='ltr'>non</span> <span class='ocrx_word' id='word_1_136' title='bbox 424 1532 554 1581; x_wconf 77' lang='lat' dir='ltr'>agitas,</span> <span class='ocrx_word' id='word_1_137' title='bbox 586 1540 626 1569; x_wconf 89' lang='lat' dir='ltr'>ut</span> <span class='ocrx_word' id='word_1_138' title='bbox 655 1540 826 1569; x_wconf 86' lang='lat' dir='ltr'>sanctam</span> <span class='ocrx_word' id='word_1_139' title='bbox 857 1531 954 1567; x_wconf 84' lang='lat' dir='ltr'>filius</span> <span class='ocrx_word' id='word_1_140' title='bbox 983 1531 1089 1568; x_wconf 86' lang='lat' dir='ltr'>omni</span> 
     </span>
    </p>

    <p class='ocr_par' dir='ltr' id='par_1_22' title="bbox 194 1595 1220 1645">
     <span class='ocr_line' id='line_1_23' title="bbox 194 1595 1220 1645; baseline -0.001 -12"><span class='ocrx_word' id='word_1_141' title='bbox 194 1595 351 1645; x_wconf 85' lang='lat' dir='ltr'>aspiciat</span> <span class='ocrx_word' id='word_1_142' title='bbox 381 1596 462 1634; x_wconf 90' lang='lat' dir='ltr'>sine</span> <span class='ocrx_word' id='word_1_143' title='bbox 491 1596 577 1633; x_wconf 88' lang='lat' dir='ltr'>labe</span> <span class='ocrx_word' id='word_1_144' title='bbox 606 1596 768 1633; x_wconf 87' lang='lat' dir='ltr'>domum</span> <span class='ocrx_word' id='word_1_145' title='bbox 797 1595 968 1643; x_wconf 75' lang='lat' dir='ltr'>vitioque</span> <span class='ocrx_word' id='word_1_146' title='bbox 997 1597 1220 1634; x_wconf 78' lang='lat' dir='ltr'>carentem?</span> 
     </span>
    </p>

    <p class='ocr_par' dir='ltr' id='par_1_23' title="bbox 193 1657 1373 1708">
     <span class='ocr_line' id='line_1_24' title="bbox 193 1657 1373 1708; baseline -0.002 -12"><span class='ocrx_word' id='word_1_147' title='bbox 193 1667 343 1707; x_wconf 83' lang='lat' dir='ltr'>gratum</span> <span class='ocrx_word' id='word_1_148' title='bbox 364 1667 430 1706; x_wconf 83' lang='lat' dir='ltr'>est,</span> <span class='ocrx_word' id='word_1_149' title='bbox 454 1660 560 1707; x_wconf 88' lang='lat' dir='ltr'>quod</span> <span class='ocrx_word' id='word_1_150' title='bbox 581 1659 725 1708; x_wconf 82' lang='lat' dir='ltr'>patriae</span> <span class='ocrx_word' id='word_1_151' title='bbox 746 1658 868 1696; x_wconf 85' lang='lat' dir='ltr'>civem</span> <span class='ocrx_word' id='word_1_152' title='bbox 889 1660 1114 1707; x_wconf 80' lang='lat' dir='ltr'>populoque</span> <span class='ocrx_word' id='word_1_153' title='bbox 1134 1657 1285 1704; x_wconf 83' lang='lat' dir='ltr'>dedisti,</span> <span class='ocrx_word' id='word_1_154' title='bbox 1327 1669 1373 1705; x_wconf 83' lang='lat'>70</span> 
     </span>
    </p>

    <p class='ocr_par' dir='ltr' id='par_1_24' title="bbox 194 1721 1135 1770">
     <span class='ocr_line' id='line_1_25' title="bbox 194 1721 1135 1770; baseline 0.001 -12"><span class='ocrx_word' id='word_1_155' title='bbox 194 1722 224 1759; x_wconf 89' lang='lat' dir='ltr'>si</span> <span class='ocrx_word' id='word_1_156' title='bbox 253 1721 345 1759; x_wconf 87' lang='lat' dir='ltr'>facis</span> <span class='ocrx_word' id='word_1_157' title='bbox 375 1730 415 1759; x_wconf 88' lang='lat' dir='ltr'>ut</span> <span class='ocrx_word' id='word_1_158' title='bbox 445 1722 588 1770; x_wconf 85' lang='lat' dir='ltr'>patriae</span> <span class='ocrx_word' id='word_1_159' title='bbox 617 1722 663 1759; x_wconf 86' lang='lat' dir='ltr'>sit</span> <span class='ocrx_word' id='word_1_160' title='bbox 693 1722 865 1766; x_wconf 88' lang='lat' dir='ltr'>idoneus,</span> <span class='ocrx_word' id='word_1_161' title='bbox 897 1721 998 1758; x_wconf 85' lang='lat' dir='ltr'>utilis</span> <span class='ocrx_word' id='word_1_162' title='bbox 1028 1721 1135 1770; x_wconf 80' lang='lat' dir='ltr'>agris,</span> 
     </span>
    </p>

    <p class='ocr_par' dir='ltr' id='par_1_25' title="bbox 195 1784 1121 1834">
     <span class='ocr_line' id='line_1_26' title="bbox 195 1784 1121 1834; baseline -0.001 -12"><span class='ocrx_word' id='word_1_163' title='bbox 195 1784 295 1822; x_wconf 89' lang='lat' dir='ltr'>utilis</span> <span class='ocrx_word' id='word_1_164' title='bbox 326 1792 363 1823; x_wconf 81' lang='lat' dir='ltr'>et</span> <span class='ocrx_word' id='word_1_165' title='bbox 392 1785 581 1823; x_wconf 86' lang='lat' dir='ltr'>bellorum</span> <span class='ocrx_word' id='word_1_166' title='bbox 611 1794 647 1823; x_wconf 89' lang='lat' dir='ltr'>et</span> <span class='ocrx_word' id='word_1_167' title='bbox 676 1785 780 1834; x_wconf 79' lang='lat' dir='ltr'>pacis</span> <span class='ocrx_word' id='word_1_168' title='bbox 809 1786 922 1822; x_wconf 87' lang='lat' dir='ltr'>rebus</span> <span class='ocrx_word' id='word_1_169' title='bbox 951 1784 1121 1833; x_wconf 75' lang='lat' dir='ltr'>agendis.</span> 
     </span>
    </p>
   </div>
   <div class='ocr_carea' id='block_1_3' title="bbox 194 1849 1373 1950">
    <p class='ocr_par' dir='ltr' id='par_1_26' title="bbox 194 1849 1373 1950">
     <span class='ocr_line' id='line_1_27' title="bbox 194 1849 1373 1899; baseline 0.002 -13"><span class='ocrx_word' id='word_1_170' title='bbox 194 1849 402 1898; x_wconf 86' lang='lat' dir='ltr'>plurimum</span> <span class='ocrx_word' id='word_1_171' title='bbox 443 1850 546 1887; x_wconf 82' lang='lat' dir='ltr'>enim</span> <span class='ocrx_word' id='word_1_172' title='bbox 586 1850 765 1898; x_wconf 86' lang='lat' dir='ltr'>intererit,</span> <span class='ocrx_word' id='word_1_173' title='bbox 808 1850 946 1899; x_wconf 87' lang='lat' dir='ltr'>quibus</span> <span class='ocrx_word' id='word_1_174' title='bbox 987 1850 1128 1888; x_wconf 87' lang='lat' dir='ltr'>artibus</span> <span class='ocrx_word' id='word_1_175' title='bbox 1169 1857 1206 1888; x_wconf 90' lang='lat' dir='ltr'>et</span> <span class='ocrx_word' id='word_1_176' title='bbox 1234 1849 1373 1899; x_wconf 88' lang='lat' dir='ltr'>quibus</span> 
     </span>
     <span class='ocr_line' id='line_1_28' title="bbox 300 1913 472 1950; baseline 0 -1"><span class='ocrx_word' id='word_1_177' title='bbox 300 1913 404 1950; x_wconf 88' lang='lat' dir='ltr'>hunc</span> <span class='ocrx_word' id='word_1_178' title='bbox 432 1921 472 1949; x_wconf 89' lang='lat' dir='ltr'>tu</span> 
     </span>
    </p>
   </div>
   <div class='ocr_carea' id='block_1_4' title="bbox 196 1976 1152 2026">
    <p class='ocr_par' dir='ltr' id='par_1_27' title="bbox 196 1976 1152 2026">
     <span class='ocr_line' id='line_1_29' title="bbox 196 1976 1152 2026; baseline 0.001 -13"><span class='ocrx_word' id='word_1_179' title='bbox 196 1976 366 2014; x_wconf 85' lang='lat' dir='ltr'>moribus</span> <span class='ocrx_word' id='word_1_180' title='bbox 397 1976 584 2015; x_wconf 86' lang='lat' dir='ltr'>instituas.</span> <span class='ocrx_word' id='word_1_181' title='bbox 643 1985 820 2026; x_wconf 87' lang='lat' dir='ltr'>serpente</span> <span class='ocrx_word' id='word_1_182' title='bbox 849 1976 999 2014; x_wconf 88' lang='lat' dir='ltr'>ciconia</span> <span class='ocrx_word' id='word_1_183' title='bbox 1027 1977 1152 2026; x_wconf 91' lang='lat' dir='ltr'>pullos</span> 
     </span>
    </p>
   </div>
   <div class='ocr_carea' id='block_1_5' title="bbox 195 2102 1370 2197">
    <p class='ocr_par' dir='ltr' id='par_1_28' title="bbox 195 2102 1370 2197">
     <span class='ocr_line' id='line_1_30' title="bbox 259 2102 1370 2145; baseline 0 -12"><span class='ocrx_word' id='word_1_184' title='bbox 259 2104 298 2142; x_wconf 74' lang='lat'>48</span> <span class='ocrx_word' id='word_1_185' title='bbox 323 2113 381 2134; x_wconf 90' lang='lat' dir='ltr'>nec</span> <span class='ocrx_word' id='word_1_186' title='bbox 397 2103 459 2134; x_wconf 72' lang='lat' dir='ltr'>Ps-</span> <span class='ocrx_word' id='word_1_187' title='bbox 479 2102 483 2143; x_wconf 79' lang='grc' dir='ltr'>Ι</span> <span class='ocrx_word' id='word_1_188' title='bbox 505 2113 540 2142; x_wconf 76' lang='lat'>57</span> <span class='ocrx_word' id='word_1_189' title='bbox 560 2114 650 2134; x_wconf 84' lang='lat' dir='ltr'>senes</span> <span class='ocrx_word' id='word_1_190' title='bbox 666 2103 718 2144; x_wconf 70' lang='lat' dir='ltr'>P}</span> <span class='ocrx_word' id='word_1_191' title='bbox 740 2113 778 2144; x_wconf 76' lang='lat'>59</span> <span class='ocrx_word' id='word_1_192' title='bbox 796 2104 930 2135; x_wconf 52' lang='lat' dir='ltr'>cessavit</span> <span class='ocrx_word' id='word_1_193' title='bbox 953 2102 956 2144; x_wconf 94' lang='grc' dir='ltr'>Ι</span> <span class='ocrx_word' id='word_1_194' title='bbox 977 2104 1029 2144; x_wconf 77' lang='grc' dir='ltr'>ΡΙ</span> <span class='ocrx_word' id='word_1_195' title='bbox 1052 2112 1090 2144; x_wconf 74' lang='lat'>70</span> <span class='ocrx_word' id='word_1_196' title='bbox 1106 2103 1250 2145; x_wconf 82' lang='lat' dir='ltr'>patribus</span> <span class='ocrx_word' id='word_1_197' title='bbox 1265 2103 1370 2134; x_wconf 72' lang='lat' dir='ltr'><em>Bmtl.</em></span> 
     </span>
     <span class='ocr_line' id='line_1_31' title="bbox 195 2155 768 2197; baseline 0 -11"><span class='ocrx_word' id='word_1_198' title='bbox 195 2155 277 2186; x_wconf 72' lang='lat' dir='ltr'>Iler.</span> <span class='ocrx_word' id='word_1_199' title='bbox 294 2166 317 2186; x_wconf 88' lang='lat' dir='ltr'>c.</span> <span class='ocrx_word' id='word_1_200' title='bbox 337 2155 431 2187; x_wconf 82' lang='lat' dir='ltr'><em>lll6</em></span> <span class='ocrx_word' id='word_1_201' title='bbox 449 2165 489 2186; x_wconf 83' lang='lat'>20</span> <span class='ocrx_word' id='word_1_202' title='bbox 508 2155 511 2195; x_wconf 87' lang='grc' dir='ltr'>Ι</span> <span class='ocrx_word' id='word_1_203' title='bbox 536 2166 570 2195; x_wconf 80' lang='lat'>71</span> <span class='ocrx_word' id='word_1_204' title='bbox 591 2157 694 2197; x_wconf 82' lang='lat' dir='ltr'>patria</span> <span class='ocrx_word' id='word_1_205' title='bbox 711 2157 768 2187; x_wconf 67' lang='grc' dir='ltr'>ΓΞ</span> 
     </span>
    </p>
   </div>
  </div>
 </body>
</html>
